1650 2584
108 164 156 215 *¹4⁰
248 159 616 204 nantcautumcrnl.
688 163 759 213 ηδ.

143 251 183 293 Sed
190 251 277 307 justum
287 251 343 294 tritis
352 251 417 293 uncia
426 251 512 307 pondus
522 249 570 292 erit.

114 324 190 367 addita
199 325 225 367 de
234 324 325 381 querulo
335 323 450 366 volucrum
460 323 606 366 medicamina
616 323 670 365 nido

144 399 184 440 Ore
193 398 271 454 fugant
281 397 389 440 maculas:
401 397 522 454 Halcyonea
531 406 617 439 vocant.

115 473 220 522 Pondere,
230 473 247 514 si
256 472 345 527 quaeris,
355 486 399 527 quo
409 471 451 513 sim
461 480 576 514 contentus
586 471 609 513 in
618 469 673 522 iliis5

145 546 207 602 Quod
218 545 284 588 trahit
293 546 315 587 in
324 555 395 602 partes
405 545 470 587 uncia
480 555 539 587 sexta
549 545 610 588 duos.

117 621 145 661 Ut
153 629 241 668 coeant,
251 629 343 675 apteque
352 619 390 661 lini
400 632 439 676 per
448 633 540 674 corpora
548 618 643 675 possint,

145 691 218 749 Adjice
227 693 253 734 de
262 692 322 735 ssavis
331 694 399 735 Attica
409 691 474 735 mella
483 691 544 736 favis.

117 765 220 822 Quamvis
230 766 294 808 tirura
303 768 355 808 Deos
365 766 463 822 irataque
472 766 565 808 numina
574 764 672 821 plecent;

146 840 195 880 Non
205 848 278 880 tamen
288 839 382 882 accensis
391 839 466 881 omnia
475 839 546 880 danda
556 837 616 880 focis.

97 914 99 916 ’
117 913 176 956 Thus
186 912 224 954 ubi
234 912 346 955 miscueris
356 913 439 955 radenti
449 913 526 955 tubera
535 912 606 964 nitro;

146 987 278 1029 Ponderibus
284 986 349 1042 justis
360 985 394 1028 iac
404 987 432 1029 sit
440 986 550 1043 utrimque
559 985 634 1028 triens.

117 1064 178 1104 Parte
188 1061 261 1103 minus
270 1071 349 1115 quarta
357 1061 472 1117 dereptum
482 1059 560 1120 cortice
570 1059 668 1115 gummi,

91 1173 93 1178 ,
145 1137 170 1177 Et
180 1133 291 1175 modicum
301 1146 313 1174 e
322 1132 416 1189 myrrhis
425 1132 542 1189 pinguibus
552 1132 607 1174 adde
617 1133 711 1175 cubum.

118 1209 166 1249 flaec
177 1206 214 1247 ubi
224 1205 334 1254 contritis,
344 1219 383 1260 pcr
391 1205 458 1247 densa
467 1204 577 1247 foramina
587 1218 661 1247 cerne:

147 1280 217 1323 Pulvis
227 1281 254 1322 ab
264 1279 336 1322 infuso
346 1279 409 1322 meiie
419 1280 550 1335 premendus
559 1279 606 1322 erit.

118 1353 202 1397 Profuit
212 1364 233 1395 et
243 1352 364 1394 marathros
373 1353 428 1394 benc
438 1351 546 1394 olentibus
555 1352 635 1394 addere
644 1352 750 1409 myrrhis;
785 1345 788 1357 ¹

146 1426 247 1483 Quinque
257 1425 343 1468 trahant
352 1424 457 1468 marathri
467 1424 579 1481 scrupulo,
590 1424 681 1481 myrrha
692 1437 777 1467 novem.

118 1501 243 1555 Arentisque
254 1513 305 1542 rosa
314 1508 423 1555 quantum
434 1512 512 1540 manus
522 1511 566 1539 una
574 1498 707 1554 prehendat,

147 1577 246 1629 Cumque
255 1573 396 1616 Ammoniaco
407 1571 504 1614 mascula
515 1572 579 1614 thura
590 1570 643 1613 sale.

119 1649 202 1691 Hordea
210 1662 276 1703 quem
287 1648 369 1690 iaciunt
378 1646 420 1688 illis
429 1646 525 1689 adfunde
534 1659 665 1688 cremorem.

149 1724 239 1776 AEqueut
248 1735 349 1777 expensas
359 1734 411 1763 cum
420 1719 463 1762 sale
474 1720 538 1762 thura
548 1731 614 1761 rosas.

119 1797 225 1850 Tempore
234 1795 262 1836 sis
271 1808 337 1850 parvo
347 1793 423 1836 molies
432 1793 482 1836 licet
491 1791 545 1835 illita
553 1792 638 1861 vulgus,

149 1868 240 1910 iterabit
250 1877 295 1911 toto
305 1867 388 1911 multus
397 1869 420 1909 in
431 1881 467 1909 ore
476 1867 542 1909 color.

122 1942 170 1983 Vidi
180 1955 228 1995 quae
237 1941 306 1997 gelida
316 1940 437 1983 madefacta
446 1953 552 1997 papavera
560 1939 650 1997 lympha

150 2016 284 2065 contereret,
294 2016 372 2058 teneris
381 2015 515 2070 illineretque
525 2014 590 2069 genis.

424 2089 434 2111 4
442 2089 452 2111 A
460 2089 470 2112 Ι
