<?xml version="1.0" encoding="UTF-8"?>
<!DOCTYPE html PUBLIC "-//W3C//DTD XHTML 1.0 Transitional//EN"
    "http://www.w3.org/TR/xhtml1/DTD/xhtml1-transitional.dtd">
<html xmlns="http://www.w3.org/1999/xhtml" xml:lang="en" lang="en">
 <head>
  <title>
</title>
<meta http-equiv="Content-Type" content="text/html;charset=utf-8" />
  <meta name='ocr-system' content='tesseract 3.04.00' />
  <meta name='ocr-capabilities' content='ocr_page ocr_carea ocr_par ocr_line ocrx_word'/>
</head>
<body>
  <div class='ocr_page' id='page_1' title='image "./opera01accugoog_0188.png"; bbox 0 0 1650 2584; ppageno 0'>
   <div class='ocr_carea' id='block_1_1' title="bbox 112 162 757 217">
    <p class='ocr_par' dir='ltr' id='par_1_1' title="bbox 112 162 757 217">
     <span class='ocr_line' id='line_1_1' title="bbox 112 162 757 217; baseline 0.023 -15"><span class='ocrx_word' id='word_1_1' title='bbox 112 162 151 203; x_wconf 78' lang='lat'>188</span> <span class='ocrx_word' id='word_1_2' title='bbox 338 170 521 214; x_wconf 75' lang='lat' dir='ltr'>etstottutt</span> <span class='ocrx_word' id='word_1_3' title='bbox 664 188 685 215; x_wconf 86' lang='lat' dir='ltr'>v.</span> <span class='ocrx_word' id='word_1_4' title='bbox 699 176 757 217; x_wconf 79' lang='lat'>335.</span> 
     </span>
    </p>
   </div>
   <div class='ocr_carea' id='block_1_2' title="bbox 80 251 668 2010">
    <p class='ocr_par' dir='ltr' id='par_1_2' title="bbox 109 251 647 315">
     <span class='ocr_line' id='line_1_2' title="bbox 109 251 647 315; baseline 0.026 -24"><span class='ocrx_word' id='word_1_5' title='bbox 109 251 188 305; x_wconf 82' lang='lat' dir='ltr'>intret,</span> <span class='ocrx_word' id='word_1_6' title='bbox 198 264 220 298; x_wconf 91' lang='lat' dir='ltr'>et</span> <span class='ocrx_word' id='word_1_7' title='bbox 228 256 272 300; x_wconf 84' lang='lat' dir='ltr'>hue</span> <span class='ocrx_word' id='word_1_8' title='bbox 281 258 332 302; x_wconf 81' lang='lat' dir='ltr'>iiiuc</span> <span class='ocrx_word' id='word_1_9' title='bbox 342 262 470 305; x_wconf 84' lang='lat' dir='ltr'>temerarius</span> <span class='ocrx_word' id='word_1_10' title='bbox 479 271 535 305; x_wconf 83' lang='lat' dir='ltr'>errat</span> <span class='ocrx_word' id='word_1_11' title='bbox 544 262 647 315; x_wconf 69' lang='lat' dir='ltr'>adulter,-</span> 
     </span>
    </p>

    <p class='ocr_par' dir='ltr' id='par_1_3' title="bbox 112 320 630 391">
     <span class='ocr_line' id='line_1_3' title="bbox 112 320 630 391; baseline 0.023 -24"><span class='ocrx_word' id='word_1_12' title='bbox 112 320 115 323; x_wconf 44' lang='lat'>⁵</span> <span class='ocrx_word' id='word_1_13' title='bbox 138 327 165 368; x_wconf 90' lang='lat' dir='ltr'>Et</span> <span class='ocrx_word' id='word_1_14' title='bbox 173 330 259 383; x_wconf 79' lang='lat' dir='ltr'>praefert</span> <span class='ocrx_word' id='word_1_15' title='bbox 268 343 341 376; x_wconf 83' lang='lat' dir='ltr'>cautas</span> <span class='ocrx_word' id='word_1_16' title='bbox 351 335 533 391; x_wconf 76' lang='lat' dir='ltr'>subsequiturque</span> <span class='ocrx_word' id='word_1_17' title='bbox 543 350 630 379; x_wconf 84' lang='lat' dir='ltr'>manus.</span> 
     </span>
    </p>

    <p class='ocr_par' dir='ltr' id='par_1_4' title="bbox 112 401 567 531">
     <span class='ocr_line' id='line_1_4' title="bbox 112 401 567 464; baseline 0.029 -24"><span class='ocrx_word' id='word_1_18' title='bbox 112 401 205 445; x_wconf 81' lang='lat' dir='ltr'>Venerat</span> <span class='ocrx_word' id='word_1_19' title='bbox 214 406 242 447; x_wconf 84' lang='lat' dir='ltr'>ad</span> <span class='ocrx_word' id='word_1_20' title='bbox 251 407 311 450; x_wconf 84' lang='lat' dir='ltr'>strati</span> <span class='ocrx_word' id='word_1_21' title='bbox 322 419 407 464; x_wconf 83' lang='lat' dir='ltr'>captata</span> <span class='ocrx_word' id='word_1_22' title='bbox 418 409 498 453; x_wconf 86' lang='lat' dir='ltr'>cubilia</span> <span class='ocrx_word' id='word_1_23' title='bbox 507 410 567 460; x_wconf 79' lang='lat' dir='ltr'>lecti,</span> 
     </span>
     <span class='ocr_line' id='line_1_5' title="bbox 141 475 532 531; baseline 0.026 -15"><span class='ocrx_word' id='word_1_24' title='bbox 141 475 166 517; x_wconf 89' lang='lat' dir='ltr'>Et</span> <span class='ocrx_word' id='word_1_25' title='bbox 175 477 246 531; x_wconf 86' lang='lat' dir='ltr'>prima</span> <span class='ocrx_word' id='word_1_26' title='bbox 256 479 306 523; x_wconf 74' lang='lat' dir='ltr'>felix</span> <span class='ocrx_word' id='word_1_27' title='bbox 315 492 372 524; x_wconf 84' lang='lat' dir='ltr'>sorte</span> <span class='ocrx_word' id='word_1_28' title='bbox 382 482 470 526; x_wconf 86' lang='lat' dir='ltr'>futurus</span> <span class='ocrx_word' id='word_1_29' title='bbox 480 494 532 526; x_wconf 85' lang='lat' dir='ltr'>erat.</span> 
     </span>
    </p>

    <p class='ocr_par' dir='ltr' id='par_1_5' title="bbox 112 549 638 687">
     <span class='ocr_line' id='line_1_6' title="bbox 112 549 509 607; baseline 0.028 -18"><span class='ocrx_word' id='word_1_30' title='bbox 112 549 139 590; x_wconf 90' lang='lat' dir='ltr'>Ut</span> <span class='ocrx_word' id='word_1_31' title='bbox 150 550 218 607; x_wconf 69' lang='lat' dir='ltr'>tetigit</span> <span class='ocrx_word' id='word_1_32' title='bbox 227 552 280 596; x_wconf 84' lang='lat' dir='ltr'>fulvi</span> <span class='ocrx_word' id='word_1_33' title='bbox 290 557 340 598; x_wconf 87' lang='lat' dir='ltr'>setis</span> <span class='ocrx_word' id='word_1_34' title='bbox 349 557 432 600; x_wconf 86' lang='lat' dir='ltr'>hirsuta</span> <span class='ocrx_word' id='word_1_35' title='bbox 442 557 509 600; x_wconf 83' lang='lat' dir='ltr'>teonis</span> 
     </span>
     <span class='ocr_line' id='line_1_7' title="bbox 142 622 638 687; baseline 0.028 -25"><span class='ocrx_word' id='word_1_36' title='bbox 142 622 236 675; x_wconf 83' lang='lat' dir='ltr'>Vellera,</span> <span class='ocrx_word' id='word_1_37' title='bbox 245 627 366 681; x_wconf 77' lang='lat' dir='ltr'>pertimuit,</span> <span class='ocrx_word' id='word_1_38' title='bbox 378 630 524 687; x_wconf 82' lang='lat' dir='ltr'>sustinuitque</span> <span class='ocrx_word' id='word_1_39' title='bbox 534 645 638 684; x_wconf 68' lang='lat' dir='ltr'>manum</span> 
     </span>
    </p>

    <p class='ocr_par' dir='ltr' id='par_1_6' title="bbox 112 696 596 835">
     <span class='ocr_line' id='line_1_8' title="bbox 112 696 596 762; baseline 0.023 -25"><span class='ocrx_word' id='word_1_40' title='bbox 112 696 264 754; x_wconf 81' lang='lat' dir='ltr'>Attonitusque</span> <span class='ocrx_word' id='word_1_41' title='bbox 273 713 334 744; x_wconf 89' lang='lat' dir='ltr'>metu</span> <span class='ocrx_word' id='word_1_42' title='bbox 343 703 418 747; x_wconf 87' lang='lat' dir='ltr'>rediit:</span> <span class='ocrx_word' id='word_1_43' title='bbox 430 715 455 748; x_wconf 92' lang='lat' dir='ltr'>ut</span> <span class='ocrx_word' id='word_1_44' title='bbox 463 720 518 762; x_wconf 76' lang='lat' dir='ltr'>srepe</span> <span class='ocrx_word' id='word_1_45' title='bbox 527 707 596 753; x_wconf 83' lang='lat' dir='ltr'>viator</span> 
     </span>
     <span class='ocr_line' id='line_1_9' title="bbox 143 771 575 835; baseline 0.028 -24"><span class='ocrx_word' id='word_1_46' title='bbox 143 771 264 816; x_wconf 84' lang='lat' dir='ltr'>Turbatum</span> <span class='ocrx_word' id='word_1_47' title='bbox 275 775 319 817; x_wconf 82' lang='lat' dir='ltr'>viso</span> <span class='ocrx_word' id='word_1_48' title='bbox 330 778 402 820; x_wconf 90' lang='lat' dir='ltr'>retulit</span> <span class='ocrx_word' id='word_1_49' title='bbox 411 793 481 835; x_wconf 77' lang='lat' dir='ltr'>angue</span> <span class='ocrx_word' id='word_1_50' title='bbox 490 781 575 835; x_wconf 69' lang='lat' dir='ltr'>pedem⁴</span> 
     </span>
    </p>

    <p class='ocr_par' dir='ltr' id='par_1_7' title="bbox 114 845 635 981">
     <span class='ocr_line' id='line_1_10' title="bbox 114 845 635 910; baseline 0.023 -25"><span class='ocrx_word' id='word_1_51' title='bbox 114 845 166 886; x_wconf 84' lang='lat' dir='ltr'>Inde</span> <span class='ocrx_word' id='word_1_52' title='bbox 176 846 228 899; x_wconf 83' lang='lat' dir='ltr'>tori,</span> <span class='ocrx_word' id='word_1_53' title='bbox 238 849 275 902; x_wconf 88' lang='lat' dir='ltr'>qui</span> <span class='ocrx_word' id='word_1_54' title='bbox 281 849 374 904; x_wconf 91' lang='lat' dir='ltr'>junctus</span> <span class='ocrx_word' id='word_1_55' title='bbox 383 863 441 904; x_wconf 83' lang='lat' dir='ltr'>erat,</span> <span class='ocrx_word' id='word_1_56' title='bbox 451 854 557 896; x_wconf 79' lang='lat' dir='ltr'>velamina</span> <span class='ocrx_word' id='word_1_57' title='bbox 567 853 635 910; x_wconf 72' lang='lat' dir='ltr'>tangit</span> 
     </span>
     <span class='ocr_line' id='line_1_11' title="bbox 145 917 565 981; baseline 0.024 -22"><span class='ocrx_word' id='word_1_58' title='bbox 145 917 227 970; x_wconf 82' lang='lat' dir='ltr'>Mollia,</span> <span class='ocrx_word' id='word_1_59' title='bbox 238 923 337 964; x_wconf 79' lang='lat' dir='ltr'>mendaci</span> <span class='ocrx_word' id='word_1_60' title='bbox 347 924 496 981; x_wconf 82' lang='lat' dir='ltr'>decipiturque</span> <span class='ocrx_word' id='word_1_61' title='bbox 506 936 565 969; x_wconf 85' lang='lat' dir='ltr'>nota.</span> 
     </span>
    </p>

    <p class='ocr_par' dir='ltr' id='par_1_8' title="bbox 116 990 664 1127">
     <span class='ocr_line' id='line_1_12' title="bbox 116 990 664 1054; baseline 0.018 -23"><span class='ocrx_word' id='word_1_62' title='bbox 116 990 240 1044; x_wconf 70' lang='lat' dir='ltr'>Adscendo,</span> <span class='ocrx_word' id='word_1_63' title='bbox 250 997 375 1053; x_wconf 75' lang='lat' dir='ltr'>spondaque</span> <span class='ocrx_word' id='word_1_64' title='bbox 384 998 425 1039; x_wconf 88' lang='lat' dir='ltr'>sibi</span> <span class='ocrx_word' id='word_1_65' title='bbox 435 999 536 1054; x_wconf 88' lang='lat' dir='ltr'>propiore</span> <span class='ocrx_word' id='word_1_66' title='bbox 545 999 664 1050; x_wconf 75' lang='lat' dir='ltr'>mcumbit3</span> 
     </span>
     <span class='ocr_line' id='line_1_13' title="bbox 146 1065 589 1127; baseline 0.023 -23"><span class='ocrx_word' id='word_1_67' title='bbox 146 1065 171 1106; x_wconf 88' lang='lat' dir='ltr'>Et</span> <span class='ocrx_word' id='word_1_68' title='bbox 181 1065 274 1121; x_wconf 74' lang='lat' dir='ltr'>rigidum</span> <span class='ocrx_word' id='word_1_69' title='bbox 283 1082 352 1110; x_wconf 89' lang='lat' dir='ltr'>cornu</span> <span class='ocrx_word' id='word_1_70' title='bbox 361 1070 438 1112; x_wconf 88' lang='lat' dir='ltr'>durius</span> <span class='ocrx_word' id='word_1_71' title='bbox 447 1071 527 1127; x_wconf 74' lang='lat' dir='ltr'>inguen</span> <span class='ocrx_word' id='word_1_72' title='bbox 536 1082 589 1114; x_wconf 83' lang='lat' dir='ltr'>erat.</span> 
     </span>
    </p>

    <p class='ocr_par' dir='ltr' id='par_1_9' title="bbox 80 1138 566 1274">
     <span class='ocr_line' id='line_1_14' title="bbox 80 1138 556 1187; baseline 0.023 -11"><span class='ocrx_word' id='word_1_73' title='bbox 80 1172 82 1176; x_wconf 92' lang='lat'>.</span> <span class='ocrx_word' id='word_1_74' title='bbox 117 1138 199 1180; x_wconf 81' lang='lat' dir='ltr'>Interea</span> <span class='ocrx_word' id='word_1_75' title='bbox 210 1140 293 1182; x_wconf 86' lang='lat' dir='ltr'>tuuicas</span> <span class='ocrx_word' id='word_1_76' title='bbox 302 1154 340 1183; x_wconf 86' lang='lat' dir='ltr'>ora</span> <span class='ocrx_word' id='word_1_77' title='bbox 349 1144 452 1186; x_wconf 87' lang='lat' dir='ltr'>subducit</span> <span class='ocrx_word' id='word_1_78' title='bbox 461 1146 489 1186; x_wconf 85' lang='lat' dir='ltr'>ab</span> <span class='ocrx_word' id='word_1_79' title='bbox 499 1145 556 1187; x_wconf 79' lang='lat' dir='ltr'>ima:</span> 
     </span>
     <span class='ocr_line' id='line_1_15' title="bbox 146 1212 566 1274; baseline 0.019 -22"><span class='ocrx_word' id='word_1_80' title='bbox 146 1212 266 1255; x_wconf 81' lang='lat' dir='ltr'>Horrebant</span> <span class='ocrx_word' id='word_1_81' title='bbox 275 1214 344 1256; x_wconf 85' lang='lat' dir='ltr'>densis</span> <span class='ocrx_word' id='word_1_82' title='bbox 353 1228 429 1272; x_wconf 81' lang='lat' dir='ltr'>aspera</span> <span class='ocrx_word' id='word_1_83' title='bbox 438 1231 502 1259; x_wconf 85' lang='lat' dir='ltr'>crura</span> <span class='ocrx_word' id='word_1_84' title='bbox 511 1219 566 1274; x_wconf 85' lang='lat' dir='ltr'>pitis.</span> 
     </span>
    </p>

    <p class='ocr_par' dir='ltr' id='par_1_10' title="bbox 117 1286 608 1414">
     <span class='ocr_line' id='line_1_16' title="bbox 117 1286 608 1349; baseline 0.02 -22"><span class='ocrx_word' id='word_1_85' title='bbox 117 1286 191 1328; x_wconf 83' lang='lat' dir='ltr'>Cetera</span> <span class='ocrx_word' id='word_1_86' title='bbox 201 1296 320 1330; x_wconf 79' lang='lat' dir='ltr'>tentantem</span> <span class='ocrx_word' id='word_1_87' title='bbox 329 1290 402 1334; x_wconf 87' lang='lat' dir='ltr'>cubito</span> <span class='ocrx_word' id='word_1_88' title='bbox 411 1292 537 1349; x_wconf 77' lang='lat' dir='ltr'>Tiryndtius</span> <span class='ocrx_word' id='word_1_89' title='bbox 546 1294 608 1337; x_wconf 79' lang='lat' dir='ltr'>beros</span> 
     </span>
     <span class='ocr_line' id='line_1_17' title="bbox 147 1358 563 1414; baseline 0.022 -15"><span class='ocrx_word' id='word_1_90' title='bbox 147 1358 247 1414; x_wconf 56' lang='lat' dir='ltr'>tapnim</span> <span class='ocrx_word' id='word_1_91' title='bbox 257 1374 268 1401; x_wconf 92' lang='lat' dir='ltr'>e</span> <span class='ocrx_word' id='word_1_92' title='bbox 277 1375 365 1404; x_wconf 87' lang='lat' dir='ltr'>summo</span> <span class='ocrx_word' id='word_1_93' title='bbox 375 1363 455 1407; x_wconf 84' lang='lat' dir='ltr'>decidit</span> <span class='ocrx_word' id='word_1_94' title='bbox 464 1364 499 1406; x_wconf 76' lang='lat' dir='ltr'>itte</span> <span class='ocrx_word' id='word_1_95' title='bbox 509 1376 563 1408; x_wconf 86' lang='lat' dir='ltr'>toro.</span> 
     </span>
    </p>

    <p class='ocr_par' dir='ltr' id='par_1_11' title="bbox 119 1431 668 1566">
     <span class='ocr_line' id='line_1_18' title="bbox 119 1431 668 1495; baseline 0.016 -23"><span class='ocrx_word' id='word_1_96' title='bbox 119 1431 152 1473; x_wconf 86' lang='lat' dir='ltr'>Fit</span> <span class='ocrx_word' id='word_1_97' title='bbox 161 1445 227 1473; x_wconf 82' lang='lat' dir='ltr'>sonus</span> <span class='ocrx_word' id='word_1_98' title='bbox 235 1449 239 1473; x_wconf 93' lang='lat'>:</span> <span class='ocrx_word' id='word_1_99' title='bbox 251 1432 355 1477; x_wconf 84' lang='lat' dir='ltr'>inclamat</span> <span class='ocrx_word' id='word_1_100' title='bbox 364 1436 465 1488; x_wconf 83' lang='lat' dir='ltr'>comites,</span> <span class='ocrx_word' id='word_1_101' title='bbox 475 1447 497 1479; x_wconf 84' lang='lat' dir='ltr'>et</span> <span class='ocrx_word' id='word_1_102' title='bbox 506 1437 591 1480; x_wconf 82' lang='lat' dir='ltr'>lumina</span> <span class='ocrx_word' id='word_1_103' title='bbox 599 1438 668 1495; x_wconf 88' lang='lat' dir='ltr'>poscit</span> 
     </span>
     <span class='ocr_line' id='line_1_19' title="bbox 151 1506 582 1566; baseline 0.019 -21"><span class='ocrx_word' id='word_1_104' title='bbox 151 1506 251 1548; x_wconf 70' lang='lat' dir='ltr'>neonis:</span> <span class='ocrx_word' id='word_1_105' title='bbox 262 1506 325 1559; x_wconf 75' lang='lat' dir='ltr'>illatis</span> <span class='ocrx_word' id='word_1_106' title='bbox 335 1509 434 1564; x_wconf 79' lang='lat' dir='ltr'>ignibus,</span> <span class='ocrx_word' id='word_1_107' title='bbox 444 1520 492 1553; x_wconf 82' lang='lat' dir='ltr'>acta</span> <span class='ocrx_word' id='word_1_108' title='bbox 501 1520 582 1566; x_wconf 82' lang='lat' dir='ltr'>patent.</span> 
     </span>
    </p>

    <p class='ocr_par' dir='ltr' id='par_1_12' title="bbox 120 1578 636 1709">
     <span class='ocr_line' id='line_1_20' title="bbox 120 1578 613 1640; baseline 0.018 -21"><span class='ocrx_word' id='word_1_109' title='bbox 120 1578 158 1620; x_wconf 78' lang='lat' dir='ltr'>tlte,</span> <span class='ocrx_word' id='word_1_110' title='bbox 168 1579 235 1634; x_wconf 76' lang='lat' dir='ltr'>gemit</span> <span class='ocrx_word' id='word_1_111' title='bbox 245 1581 300 1623; x_wconf 87' lang='lat' dir='ltr'>lecto</span> <span class='ocrx_word' id='word_1_112' title='bbox 309 1583 403 1638; x_wconf 76' lang='lat' dir='ltr'>graviter</span> <span class='ocrx_word' id='word_1_113' title='bbox 412 1584 508 1640; x_wconf 88' lang='lat' dir='ltr'>dejectus</span> <span class='ocrx_word' id='word_1_114' title='bbox 518 1586 546 1626; x_wconf 89' lang='lat' dir='ltr'>ab</span> <span class='ocrx_word' id='word_1_115' title='bbox 556 1584 613 1636; x_wconf 74' lang='lat' dir='ltr'>atto,</span> 
     </span>
     <span class='ocr_line' id='line_1_21' title="bbox 152 1653 636 1709; baseline 0.017 -17"><span class='ocrx_word' id='word_1_116' title='bbox 152 1653 292 1709; x_wconf 85' lang='lat' dir='ltr'>Membraque</span> <span class='ocrx_word' id='word_1_117' title='bbox 301 1654 327 1696; x_wconf 92' lang='lat' dir='ltr'>de</span> <span class='ocrx_word' id='word_1_118' title='bbox 337 1656 392 1697; x_wconf 85' lang='lat' dir='ltr'>dum</span> <span class='ocrx_word' id='word_1_119' title='bbox 401 1656 435 1698; x_wconf 77' lang='lat' dir='ltr'>vix</span> <span class='ocrx_word' id='word_1_120' title='bbox 444 1671 484 1698; x_wconf 86' lang='lat' dir='ltr'>sua</span> <span class='ocrx_word' id='word_1_121' title='bbox 494 1657 551 1699; x_wconf 83' lang='lat' dir='ltr'>tottit</span> <span class='ocrx_word' id='word_1_122' title='bbox 560 1658 636 1700; x_wconf 79' lang='lat' dir='ltr'>burno.</span> 
     </span>
    </p>

    <p class='ocr_par' dir='ltr' id='par_1_13' title="bbox 121 1723 604 1858">
     <span class='ocr_line' id='line_1_22' title="bbox 121 1723 604 1786; baseline 0.017 -22"><span class='ocrx_word' id='word_1_123' title='bbox 121 1723 183 1766; x_wconf 84' lang='lat' dir='ltr'>ttidet</span> <span class='ocrx_word' id='word_1_124' title='bbox 192 1735 213 1767; x_wconf 90' lang='lat' dir='ltr'>et</span> <span class='ocrx_word' id='word_1_125' title='bbox 222 1725 315 1777; x_wconf 75' lang='lat' dir='ltr'>Alcides,</span> <span class='ocrx_word' id='word_1_126' title='bbox 325 1738 346 1770; x_wconf 92' lang='lat' dir='ltr'>et</span> <span class='ocrx_word' id='word_1_127' title='bbox 355 1729 392 1784; x_wconf 79' lang='lat' dir='ltr'>qui</span> <span class='ocrx_word' id='word_1_128' title='bbox 403 1730 474 1771; x_wconf 79' lang='lat' dir='ltr'>videre</span> <span class='ocrx_word' id='word_1_129' title='bbox 479 1730 604 1786; x_wconf 83' lang='lat' dir='ltr'>jacentem:</span> 
     </span>
     <span class='ocr_line' id='line_1_23' title="bbox 151 1797 573 1858; baseline 0.017 -20"><span class='ocrx_word' id='word_1_130' title='bbox 151 1797 213 1840; x_wconf 84' lang='lat' dir='ltr'>Ridet</span> <span class='ocrx_word' id='word_1_131' title='bbox 222 1809 343 1843; x_wconf 82' lang='lat' dir='ltr'>amatorem</span> <span class='ocrx_word' id='word_1_132' title='bbox 352 1802 409 1858; x_wconf 79' lang='lat' dir='ltr'>Lyda</span> <span class='ocrx_word' id='word_1_133' title='bbox 419 1802 492 1858; x_wconf 80' lang='lat' dir='ltr'>puella</span> <span class='ocrx_word' id='word_1_134' title='bbox 500 1817 573 1846; x_wconf 87' lang='lat' dir='ltr'>suum.</span> 
     </span>
    </p>

    <p class='ocr_par' dir='ltr' id='par_1_14' title="bbox 123 1871 600 1918">
     <span class='ocr_line' id='line_1_24' title="bbox 123 1871 600 1918; baseline 0.01 -7"><span class='ocrx_word' id='word_1_135' title='bbox 123 1871 187 1912; x_wconf 88' lang='lat' dir='ltr'>Veste</span> <span class='ocrx_word' id='word_1_136' title='bbox 196 1873 251 1913; x_wconf 81' lang='lat' dir='ltr'>Deus</span> <span class='ocrx_word' id='word_1_137' title='bbox 261 1871 321 1915; x_wconf 88' lang='lat' dir='ltr'>lusus</span> <span class='ocrx_word' id='word_1_138' title='bbox 331 1873 429 1916; x_wconf 78' lang='lat' dir='ltr'>fallentes</span> <span class='ocrx_word' id='word_1_139' title='bbox 438 1875 523 1917; x_wconf 80' lang='lat' dir='ltr'>lumina</span> <span class='ocrx_word' id='word_1_140' title='bbox 533 1887 600 1918; x_wconf 84' lang='lat' dir='ltr'>vestes</span> 
     </span>
    </p>

    <p class='ocr_par' dir='ltr' id='par_1_15' title="bbox 129 1943 628 2010">
     <span class='ocr_line' id='line_1_25' title="bbox 129 1943 628 2010; baseline 0.01 -27"><span class='ocrx_word' id='word_1_141' title='bbox 129 2000 134 2010; x_wconf 36' lang='grc' dir='ltr'>ι</span> <span class='ocrx_word' id='word_1_142' title='bbox 153 1943 203 1984; x_wconf 90' lang='lat' dir='ltr'>Non</span> <span class='ocrx_word' id='word_1_143' title='bbox 213 1954 284 2007; x_wconf 82' lang='lat' dir='ltr'>amat,</span> <span class='ocrx_word' id='word_1_144' title='bbox 294 1955 316 1987; x_wconf 90' lang='lat' dir='ltr'>et</span> <span class='ocrx_word' id='word_1_145' title='bbox 324 1947 395 1988; x_wconf 86' lang='lat' dir='ltr'>nudos</span> <span class='ocrx_word' id='word_1_146' title='bbox 404 1947 432 1988; x_wconf 90' lang='lat' dir='ltr'>ad</span> <span class='ocrx_word' id='word_1_147' title='bbox 441 1960 480 1988; x_wconf 82' lang='lat' dir='ltr'>sua</span> <span class='ocrx_word' id='word_1_148' title='bbox 490 1961 550 1990; x_wconf 82' lang='lat' dir='ltr'>sacra</span> <span class='ocrx_word' id='word_1_149' title='bbox 559 1957 628 1990; x_wconf 81' lang='lat' dir='ltr'>vocat.</span> 
     </span>
    </p>
   </div>
   <div class='ocr_carea' id='block_1_3' title="bbox 127 2090 683 2226">
    <p class='ocr_par' dir='ltr' id='par_1_16' title="bbox 127 2090 683 2226">
     <span class='ocr_line' id='line_1_26' title="bbox 127 2090 683 2151; baseline 0.014 -22"><span class='ocrx_word' id='word_1_150' title='bbox 127 2090 311 2151; x_wconf 72' lang='lat' dir='ltr'>Aoonperegrinae</span> <span class='ocrx_word' id='word_1_151' title='bbox 320 2107 422 2146; x_wconf 80' lang='lat' dir='ltr'>causam,</span> <span class='ocrx_word' id='word_1_152' title='bbox 432 2108 481 2137; x_wconf 87' lang='lat' dir='ltr'>mea</span> <span class='ocrx_word' id='word_1_153' title='bbox 490 2096 563 2146; x_wconf 86' lang='lat' dir='ltr'>Musa,</span> <span class='ocrx_word' id='word_1_154' title='bbox 573 2095 683 2146; x_wconf 76' lang='lat' dir='ltr'>Latinam3</span> 
     </span>
     <span class='ocr_line' id='line_1_27' title="bbox 155 2165 618 2226; baseline 0.017 -23"><span class='ocrx_word' id='word_1_155' title='bbox 155 2165 223 2218; x_wconf 90' lang='lat' dir='ltr'>Inque</span> <span class='ocrx_word' id='word_1_156' title='bbox 232 2179 271 2206; x_wconf 92' lang='lat' dir='ltr'>suo</span> <span class='ocrx_word' id='word_1_157' title='bbox 281 2177 354 2209; x_wconf 84' lang='lat' dir='ltr'>noster</span> <span class='ocrx_word' id='word_1_158' title='bbox 363 2168 450 2224; x_wconf 79' lang='lat' dir='ltr'>pulvere</span> <span class='ocrx_word' id='word_1_159' title='bbox 460 2179 533 2213; x_wconf 79' lang='lat' dir='ltr'>currat</span> <span class='ocrx_word' id='word_1_160' title='bbox 542 2184 618 2226; x_wconf 80' lang='lat' dir='ltr'>equus.</span> 
     </span>
    </p>
   </div>
   <div class='ocr_carea' id='block_1_4' title="bbox 0 0 848 2584">
    <p class='ocr_par' dir='ltr' id='par_1_17' title="bbox 0 0 848 2584">
     <span class='ocr_line' id='line_1_28' title="bbox 0 0 848 2584; baseline 0 0"><span class='ocrx_word' id='word_1_161' title='bbox 0 0 848 2584; x_wconf 95' lang='lat' dir='ltr'> </span> 
     </span>
    </p>
   </div>
  </div>
 </body>
</html>
