1650 2584
62 221 81 249 v.
94 209 142 251 535.
298 207 400 252 LIBER
417 209 465 250 111.

62 297 105 338 Nos
114 296 210 340 fecimus
218 297 304 353 placite
313 297 357 340 lure
367 298 472 353 preconia
483 296 565 340 forme.

88 370 177 411 Nomen
186 370 253 412 hebet
263 370 374 412 Nemesis:
384 370 476 426 Cynthia
485 384 566 413 nomen
575 370 647 413 haben

61 441 142 497 Vesper
151 453 174 485 et
183 445 232 486 Eoae
239 456 319 485 novere
328 443 431 498 Lycoride
441 453 513 485 terrae:

89 516 115 556 Et
126 514 203 563 multi.
214 529 264 571 quee
271 516 299 557 sit
308 524 383 556 nostra
391 515 495 563 Corinna,
506 526 590 571 rogant.

61 588 131 635 sude.
142 590 203 643 quod
213 589 294 631 insidiae
303 589 369 630 sacris
379 590 486 632 avaribus
496 591 589 633 absunt:

91 665 117 705 Et
127 662 181 706 facit
190 665 218 705 ed
229 678 300 705 rnores
310 677 345 705 urs
353 677 440 718 quoque
450 674 523 707 nostra
532 678 590 706 suos.

65 736 110 778 Nee
120 750 161 778 nus
170 737 274 787 ambitio,
284 751 324 778 nee
333 750 397 778 amor
406 751 445 778 nos
454 738 523 791 tangit
532 737 638 779 habendi:

92 810 209 852 Contemtn
219 809 299 852 colitur
308 809 375 851 lectus
384 819 405 852 et
416 812 494 852 umbre
505 809 559 851 foro.

64 882 103 924 Sed
115 881 178 924 facile
187 883 309 933 heremus‚'
319 883 432 938 validoque
441 885 566 939 perurimur
574 894 638 935 aestu;

94 956 120 996 Et
130 955 224 997 nimium
236 966 293 998 ceren
303 955 384 998 scimus
394 970 467 998 emere
477 956 525 999 fide.

66 1028 152 1070 Scilicet
163 1029 277 1084 ingenium
286 1030 372 1085 placida
382 1030 495 1072 mollimur
504 1031 532 1072 ab
541 1041 597 1074 erte:

95 1103 121 1143 Et
131 1102 204 1143 studio
214 1116 286 1143 urores
295 1102 447 1144 convenienter
455 1113 514 1146 eunt.

67 1173 159 1217 Vatibus
169 1176 240 1217 Aoniis
251 1175 324 1218 faciles
334 1185 412 1226 estote,
423 1177 505 1232 puellae.

97 1250 184 1290 Numen
195 1250 250 1293 inest
259 1249 312 1300 iilis;
323 1249 456 1305 Pieridesque
467 1249 546 1293 favent.

69 1321 104 1364 Est
114 1324 168 1364 Deus
179 1324 201 1364 in
210 1323 285 1373 nobis;
295 1332 316 1364 et
326 1332 377 1365 suut
386 1324 516 1366 commercia
525 1323 579 1367 eoeli.

98 1398 188 1439 Sedibus
196 1397 290 1440 aetheriis
300 1397 387 1452 spiritus
396 1398 431 1440 ine
441 1399 505 1441 venie

70 1471 161 1513 Aduenis
171 1472 266 1527 pretium
277 1471 346 1513 secius
355 1481 387 1514 est
396 1486 480 1527 sperare
490 1472 566 1527 poetis.

98 1547 131 1587 Me
140 1545 258 1588 miserum!
269 1544 338 1586 scelus
347 1545 388 1586 hee
398 1546 457 1587 nulla
467 1545 538 1601 puelle
548 1545 616 1588 timet.

70 1618 204 1662 Dissimulate
215 1630 301 1670 tamem
312 1633 350 1660 nee
360 1619 431 1675 prima
441 1619 511 1662 fronte
522 1633 607 1675 rapaces
663 1616 666 1620 ’

98 1694 144 1735 Este
154 1709 158 1733 :
170 1706 240 1734 novus
251 1691 295 1733 viso
305 1705 363 1733 cesse
373 1692 455 1733 resistet
463 1705 546 1733 amans.

72 1764 109 1806 Sed
118 1779 191 1819 neque
199 1774 272 1806 vector
281 1778 363 1818 equum
371 1797 376 1809 ,
385 1764 423 1819 qui
433 1778 503 1820 nuper
512 1765 578 1807 sensit
586 1765 693 1815 habenas,

98 1838 243 1893 Comparibus
253 1835 331 1885 frenis,
341 1837 490 1892 artificemque
501 1848 565 1894 regat.

71 1912 113 1954 Nee
123 1912 211 1954 stabiles
221 1911 284 1952 annis
293 1911 388 1959 animos.
399 1910 653 1965 viridemquejuventam

97 1988 125 2029 Et
134 1986 217 2041 capias.
228 1984 286 2027 idem
297 1984 359 2026 limes
367 1986 463 2040 agendus
472 1986 519 2027 eris.

70 2057 106 2100 liic
116 2057 187 2105 rudis,
197 2068 219 2100 et
229 2057 304 2099 eastris
313 2071 372 2099 nunc
381 2058 478 2112 primum
489 2067 553 2100 notus
563 2058 660 2109 Amoris,

98 2130 139 2189 Qui
151 2130 220 2185 tetigit
231 2129 339 2171 thalamos
348 2130 420 2184 preda
430 2130 512 2171 nove-iia
523 2141 581 2181 1u0s;

71 2204 100 2246 Te
108 2203 178 2247 solum
187 2204 258 2255 nuri13
269 2203 308 2245 tibi
316 2215 402 2257 semper
410 2203 514 2245 inherent
523 2202 569 2244 uni.
