1650 2584
114 166 142 223 ᾷι
279 168 379 210 lrrts
397 167 584 210 Autronii:
672 182 693 210 v.
705 170 751 212 616

143 253 224 296 Avertit
232 253 305 298 vultus
314 269 369 311 saepe
378 255 450 310 puella
460 269 518 297 suos.

115 327 251 371 Conveniunt
260 329 350 372 thalami
360 328 424 371 furtis
434 338 455 371 et
460 328 530 385 janua
541 328 632 371 nostris:

143 404 235 458 Parsque
244 405 285 447 sub
295 404 375 462 injecta
383 414 440 446 veste
450 404 550 459 pudenda
560 403 619 445 latet.

113 477 166 519 Etsi
176 491 220 520 non
231 480 340 531 tenebras,
350 489 373 522 at
382 478 488 534 quiddam
498 478 562 521 nubis
572 491 644 534 opacae

142 551 276 606 Quarimus3
287 551 442 608 atquealiquid
453 551 501 594 luce
510 561 597 607 patente
607 551 690 594 minus.

112 624 174 668 Tunc
180 639 274 681 quoque,
280 640 349 681 quum
357 625 425 667 solem
433 626 532 667 nondum
538 624 670 680 prohibebat
676 637 699 668 et
706 626 805 671 imbrem

142 698 235 753 Tegula.
245 700 281 741 sed
291 713 386 755 quercus
395 708 452 741 tecta
460 698 579 754 cibumque
588 700 667 750 dabat5

113 774 139 816 ln
148 787 237 815 nemore
246 784 310 829 atque
319 774 397 823 antris,
406 788 451 816 non
461 775 502 816 sub
510 776 573 824 Jove,
579 774 661 831 juncta
670 776 785 833 voluptas:

143 848 211 889 Tanta
222 847 269 889 rudi
279 846 360 903 populo
369 860 421 888 curn
431 846 520 902 pudoris
529 858 581 890 erat.

114 922 141 964 lt
150 934 209 962 nunc
218 922 330 963 nocturnis
340 921 414 964 titulos
424 920 558 976 imponimus
567 921 631 964 actis:

143 994 213 1047 teque
222 993 303 1035 emitur
312 1007 391 1049 magno
400 992 443 1043 nil,
453 992 493 1034 nisi
504 1006 565 1047 posse
575 992 643 1048 loqui.

115 1066 199 1109 Scilicet
208 1067 301 1123 excuties
310 1081 386 1109 omnes
396 1067 521 1121 ubicunque
530 1066 624 1123 puellas,

144 1141 237 1183 Cuilibet
246 1132 271 1183 ut
280 1132 348 1190 ilicas,
359 1143 405 1183 liaec
414 1155 502 1196 quoque
510 1151 584 1182 nostra
593 1140 649 1184 fuit:
679 1166 682 1172 ·

116 1216 149 1257 Ne
157 1215 239 1264 desint,
248 1228 302 1269 quas
313 1225 335 1257 tu
345 1214 418 1271 digitis
427 1215 538 1256 ostendere
546 1215 626 1270 possis;

143 1290 172 1330 Ut
180 1302 290 1343 quamque
299 1287 403 1343 attigeris,
416 1286 489 1328 fabula
500 1286 568 1342 turpis
577 1287 624 1329 erit

113 1363 180 1404 Parva
189 1375 280 1416 queror:
291 1360 377 1416 fingunt
386 1361 487 1415 quidam,
497 1374 545 1415 quoe
555 1374 605 1402 vera
613 1374 731 1417 negarent,

144 1435 169 1476 Et
179 1433 232 1475 nulli
242 1447 286 1475 non
296 1446 318 1473 se
327 1431 469 1474 concubuisse
479 1431 559 1474 lerunt.

114 1509 209 1564 Corpora
218 1508 236 1549 si
246 1518 368 1563 nequeunt,
377 1521 425 1562 quae
435 1517 525 1562 possunt
534 1506 624 1549 nomina
635 1517 742 1554 tractant:

144 1584 264 1637 Famaque,
274 1596 318 1624 non
328 1592 386 1625 tacto
395 1596 496 1638 corpore,
505 1583 587 1624 crimen
597 1582 672 1626 habet.

114 1658 124 1698 1
133 1666 204 1707 nunc,
215 1655 291 1698 claude
300 1655 368 1705 fores,
378 1666 451 1698 eustos
460 1657 543 1703 odiose.
553 1656 642 1712 puellae;

143 1732 169 1772 Et
178 1742 265 1772 centurn
276 1731 335 1773 duris
345 1731 444 1786 postibus
453 1731 507 1772 adde
517 1745 581 1772 seras.

114 1803 171 1861 Quid
182 1804 222 1845 tuti
232 1813 341 1859 superest,
350 1818 420 1859 quum
431 1804 526 1846 nominis
534 1815 604 1848 exstat
612 1806 711 1850 adulter?

143 1877 168 1916 Et
177 1875 246 1922 credi,
256 1876 315 1930 quod
323 1888 368 1916 non
378 1876 468 1931 contigit
477 1890 532 1925 esse,
542 1876 615 1931 cupiti

114 1952 159 1993 Nos
168 1950 234 1993 etiam
244 1964 304 1992 veros
314 1964 377 2005 parce
386 1951 516 2006 profitemur
525 1966 623 1995 amores:

142 2026 249 2078 Tectaque
259 2033 310 2066 sunt
318 2025 386 2067 solida
397 2027 486 2083 mystica
496 2026 554 2069 furta
564 2027 614 2070 fide.

111 2098 194 2140 Parcite
203 2098 309 2153 precipue
317 2099 369 2141 vitia
377 2101 506 2156 exprobrare
516 2102 603 2157 puellae,

141 2172 253 2227 Utileque
263 2171 338 2215 multis
347 2173 493 2218 dissimulasse
501 2174 550 2218 tuit.
