1650 2584
60 203 124 256 sqq.
315 199 417 242 tinnit
433 200 465 241 11.
669 199 695 250 4¹

61 292 174 334 Tractabat
182 304 301 347 ceramque
309 304 366 347 pucr
375 303 499 346 pennasque
507 289 617 341 renidens,

89 367 178 409 Nescius
187 367 233 409 hcc
243 366 343 409 humeris
353 380 415 408 arma
424 376 499 423 parata
507 365 558 408 suis.

62 440 110 491 cti,
120 450 188 497 pater,
198 440 246 490 His,
256 440 340 496 inquit,
350 441 420 496 patria
429 449 461 483 est
469 441 569 482 adeunda
578 436 668 482 carinis:

10 548 12 551 .
89 516 132 557 flac
141 515 205 557 nobis
215 515 286 559 Minos
294 514 434 571 effugiendus
443 529 490 570 ope.

63 589 114 630 Atra
122 602 169 629 non
177 588 251 644 potuit
260 587 343 639 Minos5
353 587 395 630 aiio
403 589 479 630 omnia
487 587 570 630 clausit.

89 663 159 718 Quem
169 660 231 712 licet,
240 661 334 704 inventis
342 675 393 703 aere
402 675 480 718 rumpe
490 661 551 704 meis.

61 734 99 778 Sed
109 735 148 778 tibi
157 749 198 778 nec
207 736 268 792 virgo
277 736 375 791 Tegeaca,
384 749 499 792 comesque
508 738 578 778 Bootae

89 811 177 866 Ensiger
186 811 253 853 Orion
262 810 413 866 adspiciendus
423 811 470 853 erit.

63 887 95 928 He
103 885 181 941 pennis
191 895 274 928 sectare
283 885 351 928 datis:
362 899 401 941 ego
410 886 501 942 pravius
510 885 553 927 ibo.

90 958 121 1000 Sit
131 967 169 1000 tua
178 971 231 999 cura
239 957 301 1012 sequi
310 971 314 995 ε
325 971 360 999 me
370 958 425 1000 duce
435 967 495 1001 tutus
504 959 552 1001 eris.

64 1031 120 1073 Nam
129 1030 174 1073 sive
183 1031 288 1073 athereas
297 1029 369 1072 vicino
378 1030 423 1073 sule
431 1045 470 1087 per
479 1045 543 1074 auras

88 1104 184 1154 {bimus;
194 1103 313 1159 impatiens
322 1117 371 1145 cera
380 1104 457 1147 caloris
467 1104 514 1148 erit.

62 1179 106 1222 Sive
115 1178 211 1223 humiles
220 1179 322 1235 propiore
330 1178 386 1222 freto
392 1179 526 1235 jactabimus
535 1179 590 1231 aias;

88 1254 176 1297 Mobilis
184 1253 289 1310 aeqnoreis
299 1267 370 1309 penna
380 1255 488 1297 madescet
496 1256 565 1311 aquis.

62 1331 117 1373 Inter
125 1340 249 1384 utrumque
259 1328 320 1371 vola:
330 1339 405 1372 ventos
414 1343 512 1386 qnoque,
522 1339 583 1381 nate,
594 1329 680 1379 timeto;

88 1406 181 1461 Quaque
191 1402 339 1453 ferentrium,
349 1402 396 1445 vela
405 1405 499 1446 secunda
508 1405 566 1448 dato.

62 1478 114 1520 iinm
125 1486 214 1528 monet;
224 1486 285 1532 aptat
293 1490 348 1533 opus
358 1491 438 1532 puero,
447 1487 597 1534 monstratque
607 1474 688 1520 moveri
698 1488 703 1514 :

87 1549 164 1593 Erudit
173 1547 274 1590 infirmas
283 1559 310 1591 ut
317 1562 358 1593 sua
367 1558 438 1592 mater
447 1564 503 1593 aves.

61 1624 111 1666 Inde
120 1623 163 1666 sibi
173 1622 243 1665 factas
253 1621 351 1664 humeris
360 1624 512 1666 accommodat
521 1623 578 1666 alas:

89 1701 173 1755 Perque
182 1710 267 1740 novum
278 1697 353 1740 timide
362 1712 454 1755 corpora
462 1699 528 1743 librat
536 1700 582 1742 iter.

62 1775 154 1831 Jamque
165 1773 279 1817 voiaturus
288 1786 354 1829 parvo
363 1773 423 1835 dedit
431 1774 505 1817 oscula
513 1784 578 1819 nato:

88 1852 134 1893 Nec
144 1848 221 1905 patriae
231 1847 338 1905 lacrymas
347 1849 474 1891 continuere
484 1863 549 1904 genae.

63 1922 134 1964 Monte
144 1920 220 1963 minor
229 1918 301 1982 collis,
311 1920 393 1976 campis
403 1931 450 1963 erat
458 1920 523 1964 altior
531 1921 610 1977 aequis:

90 1995 144 2037 Hinc
153 1995 206 2036 data
215 2001 268 2035 eunt
277 1992 361 2036 miserae
370 2006 462 2050 corpora
471 1995 524 2038 bina
532 1995 596 2052 iuge.

64 2069 88 2111 Et
96 2075 171 2110 movet
180 2067 226 2123 ipse
236 2079 298 2116 suas,
308 2076 330 2109 et
338 2067 384 2110 nati
393 2067 479 2123 respicit
488 2067 533 2111 alas

90 2141 200 2192 uadum
211 2150 235 2184 et
243 2153 319 2182 cursus
328 2141 420 2185 sustinet
429 2156 497 2197 usque
507 2155 563 2184 suos.

64 2216 154 2272 Jamque
163 2228 250 2260 novum
260 2213 351 2256 deiectat
360 2214 413 2257 itcr:
424 2215 538 2270 positoque
547 2213 625 2255 timore
