<?xml version="1.0" encoding="UTF-8"?>
<!DOCTYPE html PUBLIC "-//W3C//DTD XHTML 1.0 Transitional//EN"
    "http://www.w3.org/TR/xhtml1/DTD/xhtml1-transitional.dtd">
<html xmlns="http://www.w3.org/1999/xhtml" xml:lang="en" lang="en">
 <head>
  <title>
</title>
<meta http-equiv="Content-Type" content="text/html;charset=utf-8" />
  <meta name='ocr-system' content='tesseract 3.04.00' />
  <meta name='ocr-capabilities' content='ocr_page ocr_carea ocr_par ocr_line ocrx_word'/>
</head>
<body>
  <div class='ocr_page' id='page_1' title='image "./opera01accugoog_0090.png"; bbox 0 0 1650 2584; ppageno 0'>
   <div class='ocr_carea' id='block_1_1' title="bbox 116 154 760 221">
    <p class='ocr_par' dir='ltr' id='par_1_1' title="bbox 116 154 760 221">
     <span class='ocr_line' id='line_1_1' title="bbox 116 154 760 221; baseline 0 -2"><span class='ocrx_word' id='word_1_1' title='bbox 116 178 143 219; x_wconf 81' lang='lat' dir='ltr'>ts</span> <span class='ocrx_word' id='word_1_2' title='bbox 282 154 381 220; x_wconf 78' lang='lat' dir='ltr'>annis</span> <span class='ocrx_word' id='word_1_3' title='bbox 400 176 584 220; x_wconf 75' lang='lat' dir='ltr'>aaaroarn</span> <span class='ocrx_word' id='word_1_4' title='bbox 670 180 760 221; x_wconf 56' lang='lat' dir='ltr'>asos.</span> 
     </span>
    </p>
   </div>
   <div class='ocr_carea' id='block_1_2' title="bbox 114 265 797 2236">
    <p class='ocr_par' dir='ltr' id='par_1_2' title="bbox 143 265 583 321">
     <span class='ocr_line' id='line_1_2' title="bbox 143 265 583 321; baseline 0 -13"><span class='ocrx_word' id='word_1_5' title='bbox 143 267 262 321; x_wconf 76' lang='lat' dir='ltr'><strong>Cognoscat</strong></span> <span class='ocrx_word' id='word_1_6' title='bbox 270 265 348 309; x_wconf 83' lang='lat' dir='ltr'>faciem</span> <span class='ocrx_word' id='word_1_7' title='bbox 357 266 391 308; x_wconf 82' lang='lat' dir='ltr'>vix</span> <span class='ocrx_word' id='word_1_8' title='bbox 401 267 451 308; x_wconf 85' lang='lat' dir='ltr'>satis</span> <span class='ocrx_word' id='word_1_9' title='bbox 461 266 504 308; x_wconf 82' lang='lat' dir='ltr'>nlla</span> <span class='ocrx_word' id='word_1_10' title='bbox 513 280 583 308; x_wconf 90' lang='lat' dir='ltr'>suam.</span> 
     </span>
    </p>

    <p class='ocr_par' dir='ltr' id='par_1_3' title="bbox 114 340 664 457">
     <span class='ocr_line' id='line_1_3' title="bbox 114 340 664 396; baseline 0.002 -15"><span class='ocrx_word' id='word_1_11' title='bbox 114 341 159 382; x_wconf 82' lang='lat' dir='ltr'>Nec</span> <span class='ocrx_word' id='word_1_12' title='bbox 169 340 242 383; x_wconf 86' lang='lat' dir='ltr'>minus</span> <span class='ocrx_word' id='word_1_13' title='bbox 254 341 276 382; x_wconf 91' lang='lat' dir='ltr'>in</span> <span class='ocrx_word' id='word_1_14' title='bbox 286 340 348 384; x_wconf 81' lang='lat' dir='ltr'>vultu</span> <span class='ocrx_word' id='word_1_15' title='bbox 357 342 462 383; x_wconf 88' lang='lat' dir='ltr'>damnosa</span> <span class='ocrx_word' id='word_1_16' title='bbox 471 341 664 396; x_wconf 81' lang='lat' dir='ltr'>superbiavestroz</span> 
     </span>
     <span class='ocr_line' id='line_1_4' title="bbox 143 413 587 457; baseline -0.002 -2"><span class='ocrx_word' id='word_1_17' title='bbox 143 414 247 456; x_wconf 85' lang='lat' dir='ltr'>Comibus</span> <span class='ocrx_word' id='word_1_18' title='bbox 256 424 289 457; x_wconf 89' lang='lat' dir='ltr'>est</span> <span class='ocrx_word' id='word_1_19' title='bbox 298 413 366 456; x_wconf 84' lang='lat' dir='ltr'>oculis</span> <span class='ocrx_word' id='word_1_20' title='bbox 375 413 508 456; x_wconf 86' lang='lat' dir='ltr'>adiiciendns</span> <span class='ocrx_word' id='word_1_21' title='bbox 517 426 587 455; x_wconf 84' lang='lat' dir='ltr'>amor.</span> 
     </span>
    </p>

    <p class='ocr_par' dir='ltr' id='par_1_4' title="bbox 115 485 644 615">
     <span class='ocr_line' id='line_1_5' title="bbox 115 485 644 542; baseline 0 -15"><span class='ocrx_word' id='word_1_22' title='bbox 115 486 206 528; x_wconf 85' lang='lat' dir='ltr'>Odimus</span> <span class='ocrx_word' id='word_1_23' title='bbox 216 486 357 537; x_wconf 80' lang='lat' dir='ltr'>immodicos,</span> <span class='ocrx_word' id='word_1_24' title='bbox 367 497 458 542; x_wconf 73' lang='lat' dir='ltr'>experte</span> <span class='ocrx_word' id='word_1_25' title='bbox 468 487 557 536; x_wconf 79' lang='lat' dir='ltr'>credite,</span> <span class='ocrx_word' id='word_1_26' title='bbox 567 485 644 528; x_wconf 83' lang='lat' dir='ltr'>fastus.</span> 
     </span>
     <span class='ocr_line' id='line_1_6' title="bbox 144 560 594 615; baseline -0.002 -13"><span class='ocrx_word' id='word_1_27' title='bbox 144 562 201 615; x_wconf 82' lang='lat' dir='ltr'>Saepe</span> <span class='ocrx_word' id='word_1_28' title='bbox 213 569 283 603; x_wconf 87' lang='lat' dir='ltr'>tacens</span> <span class='ocrx_word' id='word_1_29' title='bbox 293 561 336 603; x_wconf 89' lang='lat' dir='ltr'>odii</span> <span class='ocrx_word' id='word_1_30' title='bbox 347 561 431 602; x_wconf 87' lang='lat' dir='ltr'>semina</span> <span class='ocrx_word' id='word_1_31' title='bbox 441 560 513 602; x_wconf 85' lang='lat' dir='ltr'>vuitus</span> <span class='ocrx_word' id='word_1_32' title='bbox 522 560 594 601; x_wconf 83' lang='lat' dir='ltr'>babet.</span> 
     </span>
    </p>

    <p class='ocr_par' dir='ltr' id='par_1_5' title="bbox 114 631 622 763">
     <span class='ocr_line' id='line_1_7' title="bbox 114 631 578 689; baseline -0.004 -14"><span class='ocrx_word' id='word_1_33' title='bbox 114 634 250 689; x_wconf 75' lang='lat' dir='ltr'><strong>Spectantem</strong></span> <span class='ocrx_word' id='word_1_34' title='bbox 260 643 344 689; x_wconf 79' lang='lat' dir='ltr'>specta:</span> <span class='ocrx_word' id='word_1_35' title='bbox 355 632 433 675; x_wconf 83' lang='lat' dir='ltr'>ridenti</span> <span class='ocrx_word' id='word_1_36' title='bbox 444 631 517 674; x_wconf 85' lang='lat' dir='ltr'>mollia</span> <span class='ocrx_word' id='word_1_37' title='bbox 527 632 578 674; x_wconf 85' lang='lat' dir='ltr'>ride.</span> 
     </span>
     <span class='ocr_line' id='line_1_8' title="bbox 144 708 622 763; baseline 0 -15"><span class='ocrx_word' id='word_1_38' title='bbox 144 709 232 758; x_wconf 74' lang='lat' dir='ltr'>innnet3</span> <span class='ocrx_word' id='word_1_39' title='bbox 242 718 339 763; x_wconf 87' lang='lat' dir='ltr'>acceptas</span> <span class='ocrx_word' id='word_1_40' title='bbox 349 716 373 749; x_wconf 89' lang='lat' dir='ltr'>tu</span> <span class='ocrx_word' id='word_1_41' title='bbox 382 721 470 762; x_wconf 88' lang='lat' dir='ltr'>quoque</span> <span class='ocrx_word' id='word_1_42' title='bbox 479 708 543 749; x_wconf 87' lang='lat' dir='ltr'>redde</span> <span class='ocrx_word' id='word_1_43' title='bbox 553 716 622 749; x_wconf 75' lang='lat' dir='ltr'>nous.</span> 
     </span>
    </p>

    <p class='ocr_par' dir='ltr' id='par_1_6' title="bbox 115 780 603 911">
     <span class='ocr_line' id='line_1_9' title="bbox 115 780 603 836; baseline -0.002 -14"><span class='ocrx_word' id='word_1_44' title='bbox 115 780 149 823; x_wconf 85' lang='lat' dir='ltr'>Sic</span> <span class='ocrx_word' id='word_1_45' title='bbox 159 780 196 821; x_wconf 86' lang='lat' dir='ltr'>ubi</span> <span class='ocrx_word' id='word_1_46' title='bbox 206 780 308 836; x_wconf 75' lang='lat' dir='ltr'>prolusit,</span> <span class='ocrx_word' id='word_1_47' title='bbox 319 780 409 822; x_wconf 88' lang='lat' dir='ltr'>rudibus</span> <span class='ocrx_word' id='word_1_48' title='bbox 418 794 473 836; x_wconf 85' lang='lat' dir='ltr'>puer</span> <span class='ocrx_word' id='word_1_49' title='bbox 481 780 516 821; x_wconf 80' lang='lat' dir='ltr'>iile</span> <span class='ocrx_word' id='word_1_50' title='bbox 525 780 603 823; x_wconf 87' lang='lat' dir='ltr'>relictis</span> 
     </span>
     <span class='ocr_line' id='line_1_10' title="bbox 143 853 589 911; baseline 0.002 -16"><span class='ocrx_word' id='word_1_51' title='bbox 143 853 228 909; x_wconf 78' lang='lat' dir='ltr'>Spicula</span> <span class='ocrx_word' id='word_1_52' title='bbox 237 856 264 897; x_wconf 92' lang='lat' dir='ltr'>de</span> <span class='ocrx_word' id='word_1_53' title='bbox 273 856 372 911; x_wconf 86' lang='lat' dir='ltr'>pharetra</span> <span class='ocrx_word' id='word_1_54' title='bbox 381 854 462 910; x_wconf 81' lang='lat' dir='ltr'><strong>promit</strong></span> <span class='ocrx_word' id='word_1_55' title='bbox 470 864 534 896; x_wconf 84' lang='lat' dir='ltr'>acuta</span> <span class='ocrx_word' id='word_1_56' title='bbox 543 868 589 896; x_wconf 82' lang='lat' dir='ltr'>sua.</span> 
     </span>
    </p>

    <p class='ocr_par' dir='ltr' id='par_1_7' title="bbox 115 927 653 1058">
     <span class='ocr_line' id='line_1_11' title="bbox 115 927 639 984; baseline 0 -15"><span class='ocrx_word' id='word_1_57' title='bbox 115 928 205 970; x_wconf 84' lang='lat' dir='ltr'>Odimus</span> <span class='ocrx_word' id='word_1_58' title='bbox 215 938 236 971; x_wconf 88' lang='lat' dir='ltr'>et</span> <span class='ocrx_word' id='word_1_59' title='bbox 246 938 337 972; x_wconf 80' lang='lat' dir='ltr'>mestas.</span> <span class='ocrx_word' id='word_1_60' title='bbox 347 932 482 972; x_wconf 77' lang='lat' dir='ltr'>Tecmessam</span> <span class='ocrx_word' id='word_1_61' title='bbox 492 928 567 983; x_wconf 71' lang='lat' dir='ltr'>diligat</span> <span class='ocrx_word' id='word_1_62' title='bbox 574 927 639 984; x_wconf 70' lang='lat' dir='ltr'>Ajax:</span> 
     </span>
     <span class='ocr_line' id='line_1_12' title="bbox 144 1001 653 1058; baseline 0.004 -15"><span class='ocrx_word' id='word_1_63' title='bbox 144 1004 200 1049; x_wconf 78' lang='lat' dir='ltr'>Nos.</span> <span class='ocrx_word' id='word_1_64' title='bbox 209 1002 300 1044; x_wconf 83' lang='lat' dir='ltr'>hilarem</span> <span class='ocrx_word' id='word_1_65' title='bbox 310 1003 429 1058; x_wconf 77' lang='lat' dir='ltr'>populum,</span> <span class='ocrx_word' id='word_1_66' title='bbox 440 1001 522 1044; x_wconf 79' lang='lat' dir='ltr'>femina</span> <span class='ocrx_word' id='word_1_67' title='bbox 531 1002 579 1044; x_wconf 69' lang='lat' dir='ltr'>laeta</span> <span class='ocrx_word' id='word_1_68' title='bbox 588 1002 653 1058; x_wconf 82' lang='lat' dir='ltr'>capit</span> 
     </span>
    </p>

    <p class='ocr_par' dir='ltr' id='par_1_8' title="bbox 116 1076 797 1191">
     <span class='ocr_line' id='line_1_13' title="bbox 116 1076 797 1134; baseline 0.003 -16"><span class='ocrx_word' id='word_1_69' title='bbox 116 1077 236 1131; x_wconf 82' lang='lat' dir='ltr'>Nunquam</span> <span class='ocrx_word' id='word_1_70' title='bbox 244 1089 283 1130; x_wconf 70' lang='lat' dir='ltr'>ego</span> <span class='ocrx_word' id='word_1_71' title='bbox 292 1085 318 1125; x_wconf 78' lang='lat' dir='ltr'>te,</span> <span class='ocrx_word' id='word_1_72' title='bbox 324 1076 481 1123; x_wconf 77' lang='lat' dir='ltr'>andromache,</span> <span class='ocrx_word' id='word_1_73' title='bbox 488 1089 526 1117; x_wconf 93' lang='lat' dir='ltr'>nec</span> <span class='ocrx_word' id='word_1_74' title='bbox 534 1084 561 1123; x_wconf 74' lang='lat' dir='ltr'>te,</span> <span class='ocrx_word' id='word_1_75' title='bbox 567 1076 689 1128; x_wconf 75' lang='lat' dir='ltr'>Tecmessa,</span> <span class='ocrx_word' id='word_1_76' title='bbox 695 1089 797 1134; x_wconf 68' lang='lat' dir='ltr'>rogarem,</span> 
     </span>
     <span class='ocr_line' id='line_1_14' title="bbox 148 1147 565 1191; baseline -0.002 0"><span class='ocrx_word' id='word_1_77' title='bbox 148 1151 176 1191; x_wconf 91' lang='lat' dir='ltr'>Ut</span> <span class='ocrx_word' id='word_1_78' title='bbox 186 1162 233 1189; x_wconf 89' lang='lat' dir='ltr'>mea</span> <span class='ocrx_word' id='word_1_79' title='bbox 243 1149 269 1190; x_wconf 85' lang='lat' dir='ltr'>de</span> <span class='ocrx_word' id='word_1_80' title='bbox 278 1147 338 1190; x_wconf 80' lang='lat' dir='ltr'>tobis</span> <span class='ocrx_word' id='word_1_81' title='bbox 347 1148 413 1190; x_wconf 77' lang='lat' dir='ltr'>altera</span> <span class='ocrx_word' id='word_1_82' title='bbox 424 1148 493 1190; x_wconf 86' lang='lat' dir='ltr'>amica</span> <span class='ocrx_word' id='word_1_83' title='bbox 503 1147 565 1190; x_wconf 78' lang='lat' dir='ltr'>foret.</span> 
     </span>
    </p>

    <p class='ocr_par' dir='ltr' id='par_1_9' title="bbox 119 1222 682 1351">
     <span class='ocr_line' id='line_1_15' title="bbox 119 1222 682 1277; baseline -0.004 -9"><span class='ocrx_word' id='word_1_84' title='bbox 119 1223 210 1268; x_wconf 80' lang='lat' dir='ltr'>Credere</span> <span class='ocrx_word' id='word_1_85' title='bbox 220 1222 254 1264; x_wconf 78' lang='lat' dir='ltr'>vix</span> <span class='ocrx_word' id='word_1_86' title='bbox 263 1222 346 1272; x_wconf 85' lang='lat' dir='ltr'>videor,</span> <span class='ocrx_word' id='word_1_87' title='bbox 356 1236 426 1276; x_wconf 92' lang='lat' dir='ltr'>quum</span> <span class='ocrx_word' id='word_1_88' title='bbox 437 1235 501 1277; x_wconf 78' lang='lat' dir='ltr'>cogar</span> <span class='ocrx_word' id='word_1_89' title='bbox 510 1223 594 1264; x_wconf 83' lang='lat' dir='ltr'>credere</span> <span class='ocrx_word' id='word_1_90' title='bbox 604 1231 682 1277; x_wconf 83' lang='lat' dir='ltr'>partu,</span> 
     </span>
     <span class='ocr_line' id='line_1_16' title="bbox 147 1295 601 1351; baseline -0.004 -13"><span class='ocrx_word' id='word_1_91' title='bbox 147 1299 191 1338; x_wconf 87' lang='lat' dir='ltr'>Vos</span> <span class='ocrx_word' id='word_1_92' title='bbox 201 1310 240 1351; x_wconf 76' lang='lat' dir='ltr'>ego</span> <span class='ocrx_word' id='word_1_93' title='bbox 249 1309 300 1338; x_wconf 88' lang='lat' dir='ltr'>cum</span> <span class='ocrx_word' id='word_1_94' title='bbox 311 1295 384 1338; x_wconf 84' lang='lat' dir='ltr'>vestris</span> <span class='ocrx_word' id='word_1_95' title='bbox 393 1296 535 1338; x_wconf 81' lang='lat' dir='ltr'>concubuisse</span> <span class='ocrx_word' id='word_1_96' title='bbox 546 1295 601 1336; x_wconf 81' lang='lat' dir='ltr'>viris.</span> 
     </span>
    </p>

    <p class='ocr_par' dir='ltr' id='par_1_10' title="bbox 118 1369 577 1425">
     <span class='ocr_line' id='line_1_17' title="bbox 118 1369 577 1425; baseline -0.007 -12"><span class='ocrx_word' id='word_1_97' title='bbox 118 1370 201 1414; x_wconf 79' lang='lat' dir='ltr'>Scilicet</span> <span class='ocrx_word' id='word_1_98' title='bbox 211 1370 269 1425; x_wconf 76' lang='lat' dir='ltr'>Ajaci</span> <span class='ocrx_word' id='word_1_99' title='bbox 279 1369 358 1411; x_wconf 83' lang='lat' dir='ltr'>mulier</span> <span class='ocrx_word' id='word_1_100' title='bbox 366 1370 503 1411; x_wconf 70' lang='lat' dir='ltr'>maestissima</span> <span class='ocrx_word' id='word_1_101' title='bbox 513 1369 577 1421; x_wconf 79' lang='lat' dir='ltr'>dixit,</span> 
     </span>
    </p>

    <p class='ocr_par' dir='ltr' id='par_1_11' title="bbox 131 1443 675 1500">
     <span class='ocr_line' id='line_1_18' title="bbox 131 1443 675 1500; baseline -0.002 -13"><span class='ocrx_word' id='word_1_102' title='bbox 131 1482 134 1487; x_wconf 93' lang='lat'>.</span> <span class='ocrx_word' id='word_1_103' title='bbox 146 1448 191 1488; x_wconf 83' lang='lat' dir='ltr'>Lux</span> <span class='ocrx_word' id='word_1_104' title='bbox 201 1459 259 1493; x_wconf 83' lang='lat' dir='ltr'>mea;</span> <span class='ocrx_word' id='word_1_105' title='bbox 269 1458 359 1499; x_wconf 69' lang='lat' dir='ltr'>qumque</span> <span class='ocrx_word' id='word_1_106' title='bbox 368 1444 437 1485; x_wconf 84' lang='lat' dir='ltr'>solent</span> <span class='ocrx_word' id='word_1_107' title='bbox 448 1445 511 1485; x_wconf 80' lang='lat' dir='ltr'>verba</span> <span class='ocrx_word' id='word_1_108' title='bbox 517 1443 595 1500; x_wconf 85' lang='lat' dir='ltr'>juvare</span> <span class='ocrx_word' id='word_1_109' title='bbox 605 1444 675 1487; x_wconf 70' lang='lat' dir='ltr'>viros?</span> 
     </span>
    </p>

    <p class='ocr_par' dir='ltr' id='par_1_12' title="bbox 117 1516 646 1645">
     <span class='ocr_line' id='line_1_19' title="bbox 117 1516 646 1577; baseline -0.006 -15"><span class='ocrx_word' id='word_1_110' title='bbox 117 1519 174 1577; x_wconf 74' lang='lat' dir='ltr'>Quid</span> <span class='ocrx_word' id='word_1_111' title='bbox 183 1528 261 1560; x_wconf 84' lang='lat' dir='ltr'>vetata</span> <span class='ocrx_word' id='word_1_112' title='bbox 271 1517 354 1572; x_wconf 72' lang='lat' dir='ltr'>magnis</span> <span class='ocrx_word' id='word_1_113' title='bbox 364 1517 391 1558; x_wconf 91' lang='lat' dir='ltr'>ad</span> <span class='ocrx_word' id='word_1_114' title='bbox 401 1530 435 1558; x_wconf 90' lang='lat' dir='ltr'>res</span> <span class='ocrx_word' id='word_1_115' title='bbox 444 1516 542 1572; x_wconf 79' lang='lat' dir='ltr'>exempla</span> <span class='ocrx_word' id='word_1_116' title='bbox 551 1516 646 1559; x_wconf 85' lang='lat' dir='ltr'>minores</span> 
     </span>
     <span class='ocr_line' id='line_1_20' title="bbox 148 1591 615 1645; baseline -0.006 -11"><span class='ocrx_word' id='word_1_117' title='bbox 148 1596 247 1641; x_wconf 76' lang='lat' dir='ltr'>Sumere,</span> <span class='ocrx_word' id='word_1_118' title='bbox 258 1605 297 1633; x_wconf 91' lang='lat' dir='ltr'>nec</span> <span class='ocrx_word' id='word_1_119' title='bbox 307 1604 387 1632; x_wconf 88' lang='lat' dir='ltr'>nomen</span> <span class='ocrx_word' id='word_1_120' title='bbox 397 1591 532 1645; x_wconf 71' lang='lat' dir='ltr'>pertimuisse</span> <span class='ocrx_word' id='word_1_121' title='bbox 542 1591 615 1633; x_wconf 77' lang='lat' dir='ltr'>ducis?</span> 
     </span>
    </p>

    <p class='ocr_par' dir='ltr' id='par_1_13' title="bbox 118 1664 696 1794">
     <span class='ocr_line' id='line_1_21' title="bbox 118 1664 696 1719; baseline -0.002 -11"><span class='ocrx_word' id='word_1_122' title='bbox 118 1668 164 1709; x_wconf 84' lang='lat' dir='ltr'>Dux</span> <span class='ocrx_word' id='word_1_123' title='bbox 174 1666 244 1707; x_wconf 87' lang='lat' dir='ltr'>bonus</span> <span class='ocrx_word' id='word_1_124' title='bbox 253 1664 304 1706; x_wconf 89' lang='lat' dir='ltr'>hnic</span> <span class='ocrx_word' id='word_1_125' title='bbox 313 1673 400 1706; x_wconf 89' lang='lat' dir='ltr'>centum</span> <span class='ocrx_word' id='word_1_126' title='bbox 410 1664 520 1706; x_wconf 83' lang='lat' dir='ltr'>commisit</span> <span class='ocrx_word' id='word_1_127' title='bbox 529 1664 570 1706; x_wconf 84' lang='lat' dir='ltr'>vite</span> <span class='ocrx_word' id='word_1_128' title='bbox 579 1665 696 1719; x_wconf 78' lang='lat' dir='ltr'>regendos:</span> 
     </span>
     <span class='ocr_line' id='line_1_22' title="bbox 149 1738 577 1794; baseline -0.002 -13"><span class='ocrx_word' id='word_1_129' title='bbox 149 1740 202 1781; x_wconf 81' lang='lat' dir='ltr'>Huic</span> <span class='ocrx_word' id='word_1_130' title='bbox 211 1739 303 1793; x_wconf 84' lang='lat' dir='ltr'>equites;</span> <span class='ocrx_word' id='word_1_131' title='bbox 313 1738 343 1779; x_wconf 85' lang='lat' dir='ltr'>iili</span> <span class='ocrx_word' id='word_1_132' title='bbox 354 1739 413 1794; x_wconf 72' lang='lat' dir='ltr'>signa</span> <span class='ocrx_word' id='word_1_133' title='bbox 424 1739 503 1781; x_wconf 86' lang='lat' dir='ltr'>tuenda</span> <span class='ocrx_word' id='word_1_134' title='bbox 512 1738 577 1780; x_wconf 87' lang='lat' dir='ltr'>dedit.</span> 
     </span>
    </p>

    <p class='ocr_par' dir='ltr' id='par_1_14' title="bbox 118 1811 769 1941">
     <span class='ocr_line' id='line_1_23' title="bbox 118 1811 769 1869; baseline 0.005 -13"><span class='ocrx_word' id='word_1_135' title='bbox 118 1814 163 1856; x_wconf 89' lang='lat' dir='ltr'>Vos</span> <span class='ocrx_word' id='word_1_136' title='bbox 170 1826 267 1867; x_wconf 81' lang='lat' dir='ltr'>qunque,</span> <span class='ocrx_word' id='word_1_137' title='bbox 277 1813 304 1853; x_wconf 89' lang='lat' dir='ltr'>de</span> <span class='ocrx_word' id='word_1_138' title='bbox 314 1812 375 1855; x_wconf 82' lang='lat' dir='ltr'>nobis</span> <span class='ocrx_word' id='word_1_139' title='bbox 383 1826 448 1867; x_wconf 90' lang='lat' dir='ltr'>quem</span> <span class='ocrx_word' id='word_1_140' title='bbox 456 1812 547 1868; x_wconf 88' lang='lat' dir='ltr'>quisque</span> <span class='ocrx_word' id='word_1_141' title='bbox 554 1811 582 1854; x_wconf 90' lang='lat' dir='ltr'>sit</span> <span class='ocrx_word' id='word_1_142' title='bbox 588 1821 653 1867; x_wconf 84' lang='lat' dir='ltr'>aptus</span> <span class='ocrx_word' id='word_1_143' title='bbox 660 1814 688 1856; x_wconf 86' lang='lat' dir='ltr'>ad</span> <span class='ocrx_word' id='word_1_144' title='bbox 695 1829 769 1869; x_wconf 85' lang='lat' dir='ltr'>usum,</span> 
     </span>
     <span class='ocr_line' id='line_1_24' title="bbox 148 1884 620 1941; baseline -0.006 -13"><span class='ocrx_word' id='word_1_145' title='bbox 148 1885 259 1940; x_wconf 84' lang='lat' dir='ltr'>inspicite:</span> <span class='ocrx_word' id='word_1_146' title='bbox 269 1894 291 1927; x_wconf 91' lang='lat' dir='ltr'>et</span> <span class='ocrx_word' id='word_1_147' title='bbox 300 1895 358 1928; x_wconf 86' lang='lat' dir='ltr'>certo</span> <span class='ocrx_word' id='word_1_148' title='bbox 368 1887 440 1941; x_wconf 87' lang='lat' dir='ltr'>ponite</span> <span class='ocrx_word' id='word_1_149' title='bbox 449 1899 558 1940; x_wconf 84' lang='lat' dir='ltr'>quemque</span> <span class='ocrx_word' id='word_1_150' title='bbox 566 1884 620 1926; x_wconf 86' lang='lat' dir='ltr'>loco.</span> 
     </span>
    </p>

    <p class='ocr_par' dir='ltr' id='par_1_15' title="bbox 119 1959 661 2089">
     <span class='ocr_line' id='line_1_25' title="bbox 119 1959 661 2015; baseline 0 -12"><span class='ocrx_word' id='word_1_151' title='bbox 119 1963 209 2003; x_wconf 77' lang='lat' dir='ltr'>Munera</span> <span class='ocrx_word' id='word_1_152' title='bbox 218 1960 254 2001; x_wconf 87' lang='lat' dir='ltr'>det</span> <span class='ocrx_word' id='word_1_153' title='bbox 264 1960 333 2001; x_wconf 86' lang='lat' dir='ltr'>dives:</span> <span class='ocrx_word' id='word_1_154' title='bbox 341 1959 378 2014; x_wconf 90' lang='lat' dir='ltr'>jus</span> <span class='ocrx_word' id='word_1_155' title='bbox 388 1960 425 2015; x_wconf 86' lang='lat' dir='ltr'>qui</span> <span class='ocrx_word' id='word_1_156' title='bbox 435 1959 583 2015; x_wconf 78' lang='lat' dir='ltr'>profitebitur,</span> <span class='ocrx_word' id='word_1_157' title='bbox 594 1960 661 2003; x_wconf 83' lang='lat' dir='ltr'>adsit:</span> 
     </span>
     <span class='ocr_line' id='line_1_26' title="bbox 150 2021 577 2089; baseline 0.002 -15"><span class='ocrx_word' id='word_1_158' title='bbox 150 2032 262 2079; x_wconf 83' lang='lat' dir='ltr'>Facundus</span> <span class='ocrx_word' id='word_1_159' title='bbox 271 2021 358 2074; x_wconf 81' lang='lat' dir='ltr'>causam</span> <span class='ocrx_word' id='word_1_160' title='bbox 368 2047 422 2089; x_wconf 67' lang='lat' dir='ltr'>saepe</span> <span class='ocrx_word' id='word_1_161' title='bbox 431 2033 514 2075; x_wconf 84' lang='lat' dir='ltr'>clientis</span> <span class='ocrx_word' id='word_1_162' title='bbox 523 2043 577 2089; x_wconf 75' lang='lat' dir='ltr'>agat</span> 
     </span>
    </p>

    <p class='ocr_par' dir='ltr' id='par_1_16' title="bbox 118 2105 713 2236">
     <span class='ocr_line' id='line_1_27' title="bbox 118 2105 713 2159; baseline 0.007 -9"><span class='ocrx_word' id='word_1_163' title='bbox 118 2105 221 2150; x_wconf 76' lang='lat' dir='ltr'>Carmina</span> <span class='ocrx_word' id='word_1_164' title='bbox 231 2105 268 2159; x_wconf 92' lang='lat' dir='ltr'>qui</span> <span class='ocrx_word' id='word_1_165' title='bbox 278 2105 381 2156; x_wconf 79' lang='lat' dir='ltr'>iacimus,</span> <span class='ocrx_word' id='word_1_166' title='bbox 392 2109 505 2150; x_wconf 77' lang='lat' dir='ltr'>mittamus</span> <span class='ocrx_word' id='word_1_167' title='bbox 514 2108 610 2150; x_wconf 82' lang='lat' dir='ltr'>carmina</span> <span class='ocrx_word' id='word_1_168' title='bbox 621 2119 713 2154; x_wconf 85' lang='lat' dir='ltr'>tantum.</span> 
     </span>
     <span class='ocr_line' id='line_1_28' title="bbox 149 2176 642 2236; baseline 0.008 -16"><span class='ocrx_word' id='word_1_169' title='bbox 149 2176 187 2220; x_wconf 78' lang='lat' dir='ltr'>Hic</span> <span class='ocrx_word' id='word_1_170' title='bbox 196 2176 275 2219; x_wconf 80' lang='lat' dir='ltr'>chorus</span> <span class='ocrx_word' id='word_1_171' title='bbox 284 2186 334 2220; x_wconf 84' lang='lat' dir='ltr'>ante</span> <span class='ocrx_word' id='word_1_172' title='bbox 342 2177 395 2222; x_wconf 84' lang='lat' dir='ltr'>alios</span> <span class='ocrx_word' id='word_1_173' title='bbox 403 2189 467 2236; x_wconf 85' lang='lat' dir='ltr'>aptus</span> <span class='ocrx_word' id='word_1_174' title='bbox 475 2194 549 2226; x_wconf 85' lang='lat' dir='ltr'>amare</span> <span class='ocrx_word' id='word_1_175' title='bbox 557 2195 642 2226; x_wconf 79' lang='lat' dir='ltr'>sumus.</span> 
     </span>
    </p>
   </div>
   <div class='ocr_carea' id='block_1_3' title="bbox 0 0 833 2584">
    <p class='ocr_par' dir='ltr' id='par_1_17' title="bbox 0 0 833 2584">
     <span class='ocr_line' id='line_1_29' title="bbox 0 0 833 2584; baseline 0 0"><span class='ocrx_word' id='word_1_176' title='bbox 0 0 833 2584; x_wconf 95' lang='lat' dir='ltr'> </span> 
     </span>
    </p>
   </div>
  </div>
 </body>
</html>
