1650 2584
113 179 144 241 st
283 184 584 230 anilsvtttttontn:
673 197 694 225 v.
709 185 757 225 130.

146 274 214 332 Exigit
223 275 306 334 Odrysii
315 276 360 319 feta
369 285 460 318 cruenta
468 275 536 317 ducis.

116 347 154 391 llie
164 347 204 391 ieri
214 350 273 406 virga
281 350 378 407 (virgum
387 363 440 392 nam
449 348 506 391 forte
515 348 603 390 tenebat
609 347 630 405 )‚

147 423 211 481 Quod
220 433 292 480 roget,
302 424 325 465 in
334 424 401 481 spisso
410 423 473 465 litore
482 422 551 479 pingit
559 435 622 478 opus.

120 497 179 546 Huc,
189 495 271 552 iuquit,
280 496 346 552 Troja
354 506 387 539 est
396 495 486 553 (muros
495 495 518 537 in
527 494 589 538 iitore
599 493 678 551 iecit):

130 622 132 625 ι
149 569 186 611 uic
196 569 235 612 tibi
244 569 272 612 sit
280 569 358 612 Simois
366 585 371 610 ε
380 569 426 611 hec
436 582 486 611 mea
494 578 565 611 eastra
573 558 633 625 puta.

118 644 213 699 Campus
223 653 269 686 erat
278 642 439 700 (campumque
448 642 526 699 iacit),
536 655 603 697 quem
613 642 670 684 oede
679 638 768 683 Dolonis

149 717 281 772 Sparsimns,
291 716 413 759 Haemonios
422 717 476 759 dnm
486 715 536 773 vigit
543 724 605 772 optet
613 728 688 772 equos.

119 789 165 832 illic
174 790 266 833 Sithonii
276 789 363 832 fuerant
372 790 466 833 tentoria
474 789 550 832 lihesi:

150 865 192 905 Hac
201 876 241 919 ego
249 877 300 906 snm
309 863 375 920 raptis
383 873 447 906 nocte
456 873 552 906 revectus
561 862 628 918 equis.

120 936 227 991 Pluraque
236 936 350 993 pingebat:
360 936 446 978 subitus
455 950 526 992 quum
534 939 638 991 Pergama
646 932 730 977 ductus

151 1010 255 1062 Abstulit,
266 1020 287 1053 et
295 1010 358 1053 Rhesi
368 1024 420 1053 cum
429 1012 484 1054 duce
494 1019 562 1053 castra
573 1024 619 1052 suo.

121 1086 139 1127 T
140 1097 180 1126 um
189 1084 242 1134 Dea,
253 1085 322 1141 Quas,
332 1083 414 1139 inquit,
425 1083 479 1126 fidas
489 1083 528 1126 tibi
538 1083 607 1126 eredis
617 1082 688 1132 ituro,

151 1155 285 1198 Perdiderint
293 1156 356 1198 undae
366 1156 457 1198 nomina
466 1165 558 1212 quanta,
568 1155 639 1198 rides?

124 1232 178 1286 Ergo
188 1244 237 1287 age,
248 1229 319 1272 fallaci
330 1228 405 1272 timide
414 1229 500 1271 confide
508 1228 594 1284 figure,

153 1304 255 1361 Quisquis
265 1318 299 1346 es:
310 1312 349 1345 aut
358 1301 441 1358 aliquid
450 1316 539 1358 corpore
548 1300 617 1357 pluris
626 1300 691 1342 habe.

124 1381 215 1422 Dextera
223 1376 330 1433 praecipue
339 1376 397 1431 capit
406 1375 540 1431 indulgentia
550 1383 633 1416 mentes
642 1390 647 1415 :

155 1451 261 1508 Asperitas
271 1451 358 1502 odium,
368 1464 465 1505 saevaque
474 1450 549 1499 verba,
560 1456 655 1490 movent.

126 1527 217 1571 Odimus
226 1525 362 1582 accipitrem,
373 1525 425 1580 quia
434 1537 519 1579 semper
528 1523 579 1565 vivit
588 1524 611 1565 in
620 1521 700 1574 armis,

155 1602 182 1642 Et
191 1599 294 1656 pavidum
304 1597 377 1640 soiitos
387 1598 409 1639 in
420 1611 485 1652 pecus
495 1597 525 1637 ire
534 1595 604 1651 lupos.

127 1676 153 1718 dt
163 1682 221 1716 caret
229 1672 311 1715 insidiis
320 1672 449 1721 hominurn,
459 1670 510 1726 quia
519 1669 589 1720 mitis,
599 1667 695 1711 hirundo
704 1684 708 1709 :

157 1749 257 1806 Quasque
266 1745 324 1788 colat
333 1755 402 1787 turres
411 1743 505 1786 Chaonis
515 1742 558 1785 aies
567 1742 641 1785 habet.

129 1824 177 1865 Este
187 1819 263 1876 procul
273 1818 331 1869 lites,
341 1827 450 1860 cremare
461 1816 534 1872 prtelia
543 1816 627 1871 lingum.

160 1892 262 1935 Dulcibus
271 1900 303 1933 est
313 1890 381 1932 verbis
392 1890 463 1932 mollis
473 1889 561 1931 alendus
571 1902 640 1930 amor.

132 1968 177 2010 Lite
187 1965 263 2021 fugent
271 1973 387 2018 nuptaque
397 1963 464 2012 viros,
474 1972 596 2018 nuptasque
605 1961 692 2005 mariti:

124 2053 129 2070 ¹
162 2042 230 2094 inque
239 2037 308 2078 vicem
318 2037 407 2077 credant
416 2048 448 2077 res
457 2035 498 2077 sibi
508 2047 593 2089 semper
602 2034 643 2090 agi.

135 2115 179 2155 floe
189 2113 250 2153 decet
259 2123 334 2152 uxores
343 2125 347 2150 :
358 2110 397 2150 dos
406 2119 439 2151 est
448 2108 533 2159 nimrim
543 2108 597 2150 iites.

165 2183 244 2227 Audiat
252 2192 336 2239 optatos
345 2194 431 2237 semper
440 2181 511 2224 amica
519 2194 590 2223 senos.
