1650 2584
155 217 183 259 δι
319 215 421 257 turis
438 215 624 258 tutroutu
708 218 789 270 v.667.

152 287 259 356 lantum,
268 317 296 346 ne
305 314 398 347 noceant
407 304 485 347 teneris
495 305 552 347 male
561 315 623 361 rapta
631 305 724 358 labellis,

179 382 237 422 Neve
246 379 307 434 queri
316 379 382 435 possit
391 380 447 421 dura
455 378 532 429 fuisse,
542 394 599 421 cave.

150 454 227 497 Oscula
236 454 274 510 qui
283 454 372 504 sumsit,
382 454 399 496 si
409 468 453 495 non
463 463 484 496 et
493 464 563 497 cetera
572 465 655 506 sumet3

180 531 227 572 llaec
235 543 333 585 quoque,
342 542 390 584 quae
400 529 450 570 data
459 538 522 579 sunt,
532 529 620 583 perdere
629 528 708 584 dignus
717 528 765 571 erit.

148 604 261 660 Quantum
270 602 369 644 defuerat
378 600 441 657 pleno
451 610 499 656 post
508 601 582 643 oscula
591 607 653 644 voto!

177 675 215 717 liei
224 674 288 716 mihi!
300 673 418 723 rusticitas,
430 687 474 714 non
484 674 555 728 pudor
564 673 599 715 ille
609 673 658 717 fuit.

148 749 200 791 Vim
210 748 260 791 licet
270 747 373 804 appelles,
384 757 445 803 grata
454 758 486 789 est
494 747 525 789 vis
535 748 575 790 ista
585 748 675 803 puellis:

176 823 239 880 Quod
245 823 321 879 juvat,
330 822 401 864 invitae
410 835 464 877 saepe
474 822 556 864 dedisse
565 822 647 866 volunt.

144 897 284 955 Quaecunque
293 905 325 939 est
333 895 405 938 subita
414 894 503 937 Veneris
510 895 589 937 violata
598 896 685 950 rapina,

107 958 109 963 ¹
173 971 269 1013 Gaudet:
279 979 300 1013 et
309 969 436 1025 improbitas
446 969 541 1011 muueris
551 969 618 1011 instar
628 969 699 1013 habet.

145 1047 173 1089 dt
181 1059 241 1101 quaa,
250 1059 320 1101 quum
329 1044 377 1100 cogi
386 1053 468 1100 posset,
477 1058 522 1086 non
532 1055 589 1086 tacta
598 1045 695 1096 recessit,

172 1121 200 1163 Ut
208 1119 295 1162 simulet
305 1117 366 1161 vultu
375 1118 464 1174 gaudia,
475 1117 540 1161 tristis
548 1118 595 1160 erit.

142 1193 194 1235 Vim
203 1207 265 1249 passa
274 1203 306 1236 est
314 1193 401 1244 Phoebe3
410 1193 442 1235 vis
451 1203 484 1236 est
492 1192 565 1236 adlata
573 1192 642 1235 sorori
647 1209 653 1245 ς

171 1269 197 1310 Et
206 1277 279 1323 gratus
288 1277 354 1322 rapta
364 1275 438 1322 raptor
447 1275 536 1321 uterque
546 1265 594 1308 fuit.

142 1340 223 1384 fabula
233 1350 285 1384 nota
294 1341 394 1396 quidem,
403 1341 440 1382 sed
449 1354 493 1382 non
502 1340 591 1395 indigna
601 1339 688 1392 referri,

170 1416 252 1474 Scyrias
260 1416 372 1458 Haemonio
378 1415 457 1472 juncta
466 1414 537 1470 puella
546 1415 599 1457 viro.

137 1491 187 1534 lam
197 1493 239 1532 Dea
247 1491 339 1533 laudatae
348 1491 437 1533 dederat
443 1504 483 1532 sua
491 1490 580 1546 praernia
590 1489 678 1541 formae,

167 1565 225 1608 Colle
233 1567 275 1609 sub
283 1567 338 1609 Idaeo
348 1566 432 1608 vincere
441 1565 504 1622 digna
514 1567 574 1608 duas.

136 1639 186 1682 lam
196 1653 264 1682 nurus
273 1641 299 1682 ad
308 1641 420 1697 Priamum
429 1641 512 1682 diverso
521 1648 608 1682 venerat
616 1641 680 1692 orbe,

167 1711 273 1767 Graiaque
281 1711 304 1753 in
313 1712 382 1755 iliacis
391 1713 499 1755 moenibus
508 1727 563 1755 uxor
572 1724 624 1755 erat.

138 1788 244 1830 iurabant
253 1801 328 1830 omnes
337 1788 360 1830 in
369 1787 413 1831 laesi
422 1789 487 1830 verba
496 1788 568 1830 mariti
577 1805 582 1828 :

167 1860 224 1901 Nam
234 1859 296 1901 dolor
305 1860 381 1911 unius,
390 1860 477 1916 publiea
486 1875 551 1903 causa
560 1860 609 1902 tuit.

137 1934 219 1989 Turpe,
229 1932 270 1975 nisi
279 1934 320 1975 hoc
330 1934 404 1976 matris
414 1935 514 1989 precibus
524 1935 644 1987 tribuisset,
653 1936 751 1984 achilles

166 2006 229 2048 Veste
238 2005 309 2047 virum
320 2006 384 2062 longa
393 2006 541 2049 dissimulatus
550 2017 602 2050 erat.

135 2078 192 2137 Quid
202 2078 266 2131 tacis,
276 2081 371 2122 AEaeidal
380 2093 425 2123 non
435 2091 486 2124 sunt
496 2092 533 2124 tua
542 2095 635 2124 munera
643 2082 708 2128 tanae.

163 2152 196 2194 Tu
207 2150 280 2193 titulos
289 2151 331 2193 alia
339 2152 430 2195 Palladis
438 2163 484 2196 arte
494 2165 560 2209 petas.

137 2223 195 2281 Quid
207 2223 245 2267 tibi
255 2238 307 2268 cum
315 2224 416 2270 calathis!
425 2225 500 2284 clypeo
510 2241 589 2272 manus
599 2237 651 2285 apta
663 2235 761 2279 terendo
772 2250 820 2284 est.
