1650 2584
102 208 144 237 aoo
330 193 512 237 sistorum
656 207 677 235 v.
690 195 744 249 645.

101 285 143 326 Ara
152 283 190 326 fit:
200 283 243 326 huc
252 283 325 339 ignem
334 294 396 325 curto
405 282 448 325 fert
457 282 536 325 rustica
546 292 602 325 testu

98 365 101 375 ¹
131 359 233 400 Sumtum
243 359 270 400 de
280 357 355 414 tepidis
364 358 409 413 ipsa
419 357 496 400 colona
505 357 564 400 iocis.

103 432 169 487 Ligna
179 445 241 474 senex
252 432 343 482 minuit,
353 431 482 487 concisaque
491 431 597 474 construit
606 430 660 481 alte,

130 506 155 546 Et
164 504 232 546 solida
241 518 312 546 ramos
322 504 386 559 figere
395 514 479 559 pugnat
487 504 563 546 humo.

101 578 157 618 Dum
167 576 224 619 sicco
232 577 313 632 primas
322 576 392 619 irritat
400 577 479 619 cortice
489 576 600 626 flammas,

130 651 175 693 Stat
184 663 243 706 puer,
253 660 275 693 et
283 650 384 692 manibus
393 649 438 692 iata
447 650 540 693 canistra
550 661 614 694 tenet.

100 725 163 775 Inde,
173 724 211 765 ubi
221 734 253 766 ter
262 723 335 779 fruges
345 723 427 765 medios
436 723 528 766 immisit
536 724 559 766 in
568 724 638 780 ignes,

129 797 219 853 Porrigit
228 797 306 839 incisos
315 797 359 839 filia
368 811 435 853 parva
444 797 510 839 faros.

98 868 154 912 Vina
164 879 238 912 tenent
247 869 282 911 alii
291 885 295 911 :
305 868 402 912 libantur
410 869 495 925 singula
504 869 605 912 flammis.

127 945 238 998 Spectant,
248 953 269 985 et
278 942 356 998 linguis
366 943 458 984 candida
467 944 531 986 turba
541 942 621 986 favent.

97 1016 208 1073 Spargitur
217 1027 238 1059 et
247 1029 300 1058 caesa
309 1016 434 1058 communis
442 1016 557 1058 Terminus
567 1030 634 1071 agna:

127 1094 172 1134 Nec
180 1092 284 1148 queritur,
294 1091 375 1134 lactens
384 1106 453 1147 quum
463 1092 504 1134 sibi
513 1106 578 1149 porca
589 1093 660 1136 datur.

97 1165 242 1215 Conveniunt,
253 1164 404 1221 celebrantque
412 1166 478 1221 dapes
486 1165 563 1207 ricinia
572 1165 674 1221 simplex,

124 1241 150 1282 Et
159 1247 246 1281 cantant
255 1237 339 1289 laudes,
348 1238 449 1280 Termine
458 1248 541 1290 sancte,
553 1249 607 1281 tuas.

96 1315 129 1357 Tu
139 1312 241 1370 populos,
252 1313 368 1368 urbesque,
378 1323 400 1355 et
409 1326 474 1368 regna
484 1313 579 1369 ingentia
587 1313 649 1357 finis:

124 1390 199 1431 Omnis
208 1389 249 1431 erit
256 1389 302 1431 sine
312 1398 332 1430 te
341 1388 446 1444 litigiosus
455 1403 511 1445 ager.

94 1464 159 1506 Nulla
170 1463 208 1506 tibi
219 1463 310 1506 ambitio
319 1473 363 1505 est:
374 1463 435 1505 nullo
444 1464 589 1520 corrumperis
598 1478 659 1508 auro.

123 1539 226 1595 Legitima
236 1526 306 1581 servas
316 1538 396 1581 credita
406 1552 457 1580 rum
467 1538 514 1581 fide.

93 1611 115 1653 Si
125 1622 150 1654 tu
159 1612 261 1667 signasses
271 1610 323 1652 oiim
333 1611 461 1668 Thyreatida
472 1620 563 1661 terram,

121 1686 216 1740 Corpora
225 1698 270 1726 non
279 1684 322 1727 leto
332 1685 396 1726 missa
406 1694 501 1727 trecenta
512 1683 593 1735 forent3

93 1759 138 1802 Nec
148 1758 203 1801 foret
212 1758 329 1815 Othryades
339 1758 443 1814 congestis
454 1767 522 1800 tectus
532 1758 635 1800 inarmis.

122 1835 149 1875 0!
160 1842 266 1888 quantum
276 1832 350 1887 patria
359 1831 469 1887 sangm‘nis
478 1830 513 1873 iiie
523 1831 591 1873 dedii!

92 1906 161 1964 Quid,
171 1919 226 1947 nora
235 1919 304 1960 quum
314 1905 390 1948 fierent
398 1903 516 1960 Capitolia!
525 1917 603 1959 nempe
612 1905 707 1948 Deorum

122 1982 204 2023 Cuncta
213 1978 258 2021 iovi
268 1979 330 2021 cessit
339 1979 414 2028 turba,
424 1977 540 2033 iocumque
549 1977 614 2019 dedit.

92 2052 218 2102 Terminus,
229 2061 253 2093 ut
262 2060 342 2093 veteres
351 2061 486 2101 memorant,
496 2060 613 2108 conventus
622 2050 645 2093 in
654 2051 700 2093 ade

120 2124 214 2173 Restitit,
223 2132 244 2166 et
253 2137 332 2180 magno
342 2138 392 2166 cum
402 2126 454 2165 Jove
463 2122 543 2178 templa
554 2132 617 2164 tenet.

90 2199 155 2245 Nunc
164 2209 262 2254 quoquo,
271 2210 294 2237 sc
303 2209 368 2252 supra
377 2210 405 2238 ne
414 2195 468 2253 quid
476 2194 517 2238 nisi
526 2195 595 2238 sidera
604 2205 679 2243 cernat
