1650 2584
125 230 163 268 ,ει
288 227 599 269 annuntiationis.
683 233 772 282 v.77s.

123 319 149 359 Ut
158 316 215 359 Paris
224 317 280 359 hanc
290 317 373 373 rapuit;
383 330 443 359 nunc
451 317 542 359 demum
552 331 619 359 uxore
628 330 707 361 carere

150 392 200 432 Non
209 400 277 446 potes.
287 390 378 432 Alterius
388 390 455 432 crevit
464 403 539 431 amore
550 399 608 432 tuus.

124 466 168 506 lloc
178 474 199 506 et
208 464 230 505 in
240 464 334 506 abducta
343 462 434 505 Briseide
444 462 509 504 flebat
518 462 621 516 Achilles,

153 535 215 577 Illam
225 535 340 577 Plisthenio
349 534 429 590 gaudia
438 534 494 576 ferre
504 545 558 577 toro.

124 608 168 648 Nec
178 607 258 649 frustra
268 607 344 657 llebat;
355 606 409 647 milri
419 606 505 649 credite.
515 607 573 649 Fecit
582 607 680 660 Atrides,

151 680 214 737 Quod
223 680 241 720 si
250 693 295 720 non
304 678 396 730 faceret,
406 679 500 735 turpiter
510 690 564 722 esaet
573 680 640 723 iners.
677 731 678 734 Ἰ

121 755 182 795 Certe
191 766 230 807 ego
241 752 349 801 iecissem,
359 766 398 794 nec
407 765 458 793 sum
468 752 585 808 sapientior
595 753 640 795 illo.

151 827 237 868 invidiae
246 826 330 869 fructus
340 826 448 869 maximus
458 825 493 868 ille
502 826 553 870 fuit.

123 903 179 942 Nam
189 901 230 943 sibi
239 901 298 956 quod
307 915 422 956 nunquam
432 910 512 943 tactam
522 901 614 946 Briseida
621 902 688 958 jurat

152 978 190 1016 Per
199 984 320 1030 sceptrum
329 984 439 1030 sceptrum
450 988 493 1017 non
504 984 567 1030 putat
576 989 621 1018 esse
630 978 694 1018 Deos.

125 1043 153 1089 Di
159 1046 251 1098 faciant,
261 1046 355 1087 dominae
364 1047 433 1102 possis
443 1047 533 1089 transire
542 1046 620 1089 relictae

152 1121 247 1170 Limina,
257 1122 367 1177 proposito
375 1121 531 1177 sufficiantque
539 1122 610 1178 perles.

123 1197 147 1237 Et
157 1194 236 1250 poteris
244 1200 252 1235 ε’
261 1195 327 1236 modo
337 1194 389 1236 velle
400 1204 455 1237 tene.
466 1197 530 1237 Nune
540 1193 625 1238 fortiter
634 1196 678 1247 ire,

153 1268 217 1308 Nune
227 1280 281 1321 opus
291 1277 322 1309 est
332 1266 395 1308 celeri
406 1267 498 1309 subdere
508 1267 578 1309 calcar
586 1281 653 1323 quo.

123 1340 162 1382 lllo
172 1340 316 1395 Lotophagos,
326 1339 364 1381 illo
373 1340 458 1382 Sirenas
467 1340 490 1381 iu
500 1349 563 1383 antro

153 1418 201 1457 Esse
211 1423 276 1471 puta:
288 1415 352 1457 retnis
361 1415 430 1470 adjice
440 1415 485 1457 vela
495 1415 544 1457 tuis.

123 1493 184 1532 lianc
194 1503 292 1545 quoque,
301 1504 345 1544 quo
354 1490 466 1544 qrtondant
476 1489 571 1531 nimium
581 1487 649 1531 rivale
658 1489 757 1541 dolebas,

152 1564 235 1605 Vellem
244 1555 350 1605 desineres
360 1562 428 1604 hostis
436 1562 515 1604 habere
524 1561 579 1604 loco.

126 1638 152 1679 lt
161 1646 228 1686 certe,
238 1636 337 1691 quamtis
347 1635 396 1677 odio
407 1645 544 1686 remanente,
553 1634 631 1677 saluta.

152 1710 228 1751 Oscula
237 1724 307 1765 quum
317 1709 396 1765 poteris
402 1709 449 1764 jam
460 1710 521 1760 dare,
532 1721 599 1750 sanus
607 1708 657 1749 eris.

124 1786 176 1825 Ecce
186 1783 245 1824 cibos
254 1783 319 1824 etiarn
330 1782 456 1837 (medicinae
465 1781 544 1837 fungar
554 1790 580 1824 ut
588 1780 650 1823 omni

154 1855 267 1910 Munere),
277 1870 332 1911 quos
342 1855 423 1910 fugias,
433 1869 512 1910 quosve
522 1868 624 1909 sequare,
634 1855 699 1896 dabo.

124 1928 231 1978 Daunius,
242 1941 269 1969 an
279 1927 362 1984 Libyeis
371 1925 453 1969 bulbus
463 1926 502 1969 tibi
512 1926 591 1968 missus
600 1926 628 1968 ab
637 1926 693 1978 oris,

153 2003 185 2042 Au
195 2000 265 2041 veniat
274 2000 374 2055 Megaris,
384 2000 462 2041 noxius
471 1999 543 2041 omnis
552 1999 599 2041 erit.

124 2076 169 2114 Nec
179 2072 251 2113 minus
261 2085 336 2113 erucas
344 2082 422 2128 aptum
432 2073 499 2114 vitare
509 2071 599 2122 salaces,

152 2146 178 2184 Et
186 2143 291 2197 quidquid
303 2144 378 2185 Veneri
388 2157 479 2200 corpora
489 2154 562 2186 nostra
571 2153 642 2201 parat.

123 2216 200 2258 Utilius
210 2229 283 2257 sumas
293 2228 394 2259 acuentes
402 2217 489 2260 lumina
498 2228 570 2267 rutas,
