<?xml version="1.0" encoding="UTF-8"?>
<!DOCTYPE html PUBLIC "-//W3C//DTD XHTML 1.0 Transitional//EN"
    "http://www.w3.org/TR/xhtml1/DTD/xhtml1-transitional.dtd">
<html xmlns="http://www.w3.org/1999/xhtml" xml:lang="en" lang="en">
 <head>
  <title>
</title>
<meta http-equiv="Content-Type" content="text/html;charset=utf-8" />
  <meta name='ocr-system' content='tesseract 3.04.00' />
  <meta name='ocr-capabilities' content='ocr_page ocr_carea ocr_par ocr_line ocrx_word'/>
</head>
<body>
  <div class='ocr_page' id='page_1' title='image "./opera01accugoog_0291.png"; bbox 0 0 1650 2584; ppageno 0'>
   <div class='ocr_carea' id='block_1_1' title="bbox 53 182 697 243">
    <p class='ocr_par' dir='ltr' id='par_1_1' title="bbox 53 182 697 243">
     <span class='ocr_line' id='line_1_1' title="bbox 53 182 697 243; baseline 0.014 -21"><span class='ocrx_word' id='word_1_1' title='bbox 53 194 76 243; x_wconf 64' lang='lat' dir='ltr'>v3</span> <span class='ocrx_word' id='word_1_2' title='bbox 89 182 139 237; x_wconf 83' lang='lat'><strong>938.</strong></span> <span class='ocrx_word' id='word_1_3' title='bbox 299 184 397 226; x_wconf 73' lang='lat' dir='ltr'>mann</span> <span class='ocrx_word' id='word_1_4' title='bbox 416 185 459 225; x_wconf 88' lang='lat' dir='ltr'>lV.</span> <span class='ocrx_word' id='word_1_5' title='bbox 657 190 697 241; x_wconf 61' lang='lat'>235</span> 
     </span>
    </p>
   </div>
   <div class='ocr_carea' id='block_1_2' title="bbox 55 270 602 620">
    <p class='ocr_par' dir='ltr' id='par_1_2' title="bbox 55 270 602 620">
     <span class='ocr_line' id='line_1_2' title="bbox 88 270 602 328; baseline 0.004 -15"><span class='ocrx_word' id='word_1_6' title='bbox 88 270 97 325; x_wconf 93' lang='lat'>(</span> <span class='ocrx_word' id='word_1_7' title='bbox 103 271 247 328; x_wconf 71' lang='lat' dir='ltr'>Quaesieram)</span> <span class='ocrx_word' id='word_1_8' title='bbox 257 286 345 314; x_wconf 84' lang='lat' dir='ltr'>causam</span> <span class='ocrx_word' id='word_1_9' title='bbox 355 273 451 328; x_wconf 74' lang='lat' dir='ltr'>percipe,</span> <span class='ocrx_word' id='word_1_10' title='bbox 461 272 549 316; x_wconf 82' lang='lat' dir='ltr'>Flamen</span> <span class='ocrx_word' id='word_1_11' title='bbox 559 275 602 318; x_wconf 89' lang='lat' dir='ltr'>ait:</span> 
     </span>
     <span class='ocr_line' id='line_1_3' title="bbox 55 345 591 401; baseline 0.006 -14"><span class='ocrx_word' id='word_1_12' title='bbox 55 346 93 387; x_wconf 78' lang='lat' dir='ltr'>Est</span> <span class='ocrx_word' id='word_1_13' title='bbox 103 345 176 395; x_wconf 79' lang='lat' dir='ltr'>Canis,</span> <span class='ocrx_word' id='word_1_14' title='bbox 188 346 280 388; x_wconf 83' lang='lat' dir='ltr'>icarium</span> <span class='ocrx_word' id='word_1_15' title='bbox 289 346 376 396; x_wconf 81' lang='lat' dir='ltr'>dicunt,</span> <span class='ocrx_word' id='word_1_16' title='bbox 385 360 430 401; x_wconf 86' lang='lat' dir='ltr'>quo</span> <span class='ocrx_word' id='word_1_17' title='bbox 439 346 508 389; x_wconf 81' lang='lat' dir='ltr'>sidere</span> <span class='ocrx_word' id='word_1_18' title='bbox 518 358 591 399; x_wconf 79' lang='lat' dir='ltr'>moto,</span> 
     </span>
     <span class='ocr_line' id='line_1_4' title="bbox 89 418 540 475; baseline 0.009 -17"><span class='ocrx_word' id='word_1_19' title='bbox 89 420 154 460; x_wconf 85' lang='lat' dir='ltr'>&#39;l&#39;osta</span> <span class='ocrx_word' id='word_1_20' title='bbox 163 418 208 461; x_wconf 85' lang='lat' dir='ltr'>sitit</span> <span class='ocrx_word' id='word_1_21' title='bbox 218 418 290 468; x_wconf 80' lang='lat' dir='ltr'>tellus,</span> <span class='ocrx_word' id='word_1_22' title='bbox 301 420 467 475; x_wconf 78' lang='lat' dir='ltr'>praecipiturque</span> <span class='ocrx_word' id='word_1_23' title='bbox 476 433 540 475; x_wconf 73' lang='lat' dir='ltr'>seges.</span> 
     </span>
     <span class='ocr_line' id='line_1_5' title="bbox 58 492 561 547; baseline 0.006 -15"><span class='ocrx_word' id='word_1_24' title='bbox 58 493 101 533; x_wconf 85' lang='lat' dir='ltr'>Pro</span> <span class='ocrx_word' id='word_1_25' title='bbox 111 505 164 533; x_wconf 84' lang='lat' dir='ltr'>cane</span> <span class='ocrx_word' id='word_1_26' title='bbox 173 492 255 533; x_wconf 85' lang='lat' dir='ltr'>sidereo</span> <span class='ocrx_word' id='word_1_27' title='bbox 264 492 323 534; x_wconf 85' lang='lat' dir='ltr'>canis</span> <span class='ocrx_word' id='word_1_28' title='bbox 333 492 368 533; x_wconf 86' lang='lat' dir='ltr'>hic</span> <span class='ocrx_word' id='word_1_29' title='bbox 376 492 499 547; x_wconf 82' lang='lat' dir='ltr'>imponitur</span> <span class='ocrx_word' id='word_1_30' title='bbox 508 507 561 544; x_wconf 65' lang='grc' dir='ltr'>πως</span> 
     </span>
     <span class='ocr_line' id='line_1_6' title="bbox 89 565 560 620; baseline 0.006 -14"><span class='ocrx_word' id='word_1_31' title='bbox 89 565 126 612; x_wconf 80' lang='lat' dir='ltr'>Et,</span> <span class='ocrx_word' id='word_1_32' title='bbox 136 578 202 620; x_wconf 88' lang='lat' dir='ltr'>quare</span> <span class='ocrx_word' id='word_1_33' title='bbox 211 574 295 620; x_wconf 76' lang='lat' dir='ltr'>pereat,</span> <span class='ocrx_word' id='word_1_34' title='bbox 305 565 337 606; x_wconf 91' lang='lat' dir='ltr'>nil</span> <span class='ocrx_word' id='word_1_35' title='bbox 346 565 387 607; x_wconf 80' lang='lat' dir='ltr'>nisi</span> <span class='ocrx_word' id='word_1_36' title='bbox 397 579 479 607; x_wconf 87' lang='lat' dir='ltr'>nomen</span> <span class='ocrx_word' id='word_1_37' title='bbox 487 566 560 609; x_wconf 87' lang='lat' dir='ltr'>habet.</span> 
     </span>
    </p>
   </div>
   <div class='ocr_carea' id='block_1_3' title="bbox 5 709 639 1558">
    <p class='ocr_par' dir='ltr' id='par_1_3' title="bbox 60 709 586 839">
     <span class='ocr_line' id='line_1_7' title="bbox 60 709 586 767; baseline 0.006 -17"><span class='ocrx_word' id='word_1_38' title='bbox 60 711 131 767; x_wconf 67' lang='lat' dir='ltr'>Qun!</span> <span class='ocrx_word' id='word_1_39' title='bbox 141 709 228 767; x_wconf 68' lang='lat' dir='ltr'>Phrygis</span> <span class='ocrx_word' id='word_1_40' title='bbox 236 711 331 752; x_wconf 74' lang='lat' dir='ltr'>Assaraci</span> <span class='ocrx_word' id='word_1_41' title='bbox 341 710 426 753; x_wconf 77' lang='lat' dir='ltr'>Titania</span> <span class='ocrx_word' id='word_1_42' title='bbox 436 709 502 753; x_wconf 83' lang='lat' dir='ltr'>fratre</span> <span class='ocrx_word' id='word_1_43' title='bbox 512 710 586 753; x_wconf 85' lang='lat' dir='ltr'>relicto</span> 
     </span>
     <span class='ocr_line' id='line_1_8' title="bbox 91 781 565 839; baseline 0.002 -16"><span class='ocrx_word' id='word_1_44' title='bbox 91 781 182 825; x_wconf 81' lang='lat' dir='ltr'>Sustulit</span> <span class='ocrx_word' id='word_1_45' title='bbox 191 784 299 825; x_wconf 87' lang='lat' dir='ltr'>immenso</span> <span class='ocrx_word' id='word_1_46' title='bbox 310 791 341 825; x_wconf 87' lang='lat' dir='ltr'>ter</span> <span class='ocrx_word' id='word_1_47' title='bbox 346 782 415 839; x_wconf 88' lang='lat' dir='ltr'>jubar</span> <span class='ocrx_word' id='word_1_48' title='bbox 424 783 477 824; x_wconf 84' lang='lat' dir='ltr'>orbe</span> <span class='ocrx_word' id='word_1_49' title='bbox 486 796 565 835; x_wconf 86' lang='lat' dir='ltr'>suum;</span> 
     </span>
    </p>

    <p class='ocr_par' dir='ltr' id='par_1_4' title="bbox 61 855 574 985">
     <span class='ocr_line' id='line_1_9' title="bbox 61 855 574 899; baseline -0.004 0"><span class='ocrx_word' id='word_1_50' title='bbox 61 855 122 899; x_wconf 83' lang='lat' dir='ltr'>lllille</span> <span class='ocrx_word' id='word_1_51' title='bbox 131 855 189 897; x_wconf 86' lang='lat' dir='ltr'>venit</span> <span class='ocrx_word' id='word_1_52' title='bbox 197 856 261 897; x_wconf 85' lang='lat' dir='ltr'>variis</span> <span class='ocrx_word' id='word_1_53' title='bbox 271 856 351 898; x_wconf 84' lang='lat' dir='ltr'>florum</span> <span class='ocrx_word' id='word_1_54' title='bbox 361 858 403 898; x_wconf 85' lang='lat' dir='ltr'>Dea</span> <span class='ocrx_word' id='word_1_55' title='bbox 412 869 467 898; x_wconf 80' lang='lat' dir='ltr'>nexa</span> <span class='ocrx_word' id='word_1_56' title='bbox 476 856 561 897; x_wconf 86' lang='lat' dir='ltr'>coronis</span> <span class='ocrx_word' id='word_1_57' title='bbox 570 872 574 897; x_wconf 95' lang='lat'><strong>:</strong></span> 
     </span>
     <span class='ocr_line' id='line_1_10' title="bbox 94 928 503 985; baseline 0 -15"><span class='ocrx_word' id='word_1_58' title='bbox 94 930 162 970; x_wconf 89' lang='lat' dir='ltr'>Scena</span> <span class='ocrx_word' id='word_1_59' title='bbox 166 928 211 985; x_wconf 85' lang='lat' dir='ltr'>joci</span> <span class='ocrx_word' id='word_1_60' title='bbox 222 943 306 971; x_wconf 85' lang='lat' dir='ltr'>morem</span> <span class='ocrx_word' id='word_1_61' title='bbox 316 928 423 971; x_wconf 82' lang='lat' dir='ltr'>liberioris</span> <span class='ocrx_word' id='word_1_62' title='bbox 431 929 503 971; x_wconf 71' lang='lat' dir='ltr'>habet</span> 
     </span>
    </p>

    <p class='ocr_par' dir='ltr' id='par_1_5' title="bbox 62 1002 639 1132">
     <span class='ocr_line' id='line_1_11' title="bbox 62 1002 558 1047; baseline -0.006 0"><span class='ocrx_word' id='word_1_63' title='bbox 62 1003 112 1047; x_wconf 81' lang='lat' dir='ltr'>Exit</span> <span class='ocrx_word' id='word_1_64' title='bbox 120 1012 142 1044; x_wconf 89' lang='lat' dir='ltr'>et</span> <span class='ocrx_word' id='word_1_65' title='bbox 151 1003 173 1043; x_wconf 92' lang='lat' dir='ltr'>in</span> <span class='ocrx_word' id='word_1_66' title='bbox 183 1002 248 1045; x_wconf 77' lang='lat' dir='ltr'>lllaias</span> <span class='ocrx_word' id='word_1_67' title='bbox 258 1017 343 1045; x_wconf 84' lang='lat' dir='ltr'>sacrum</span> <span class='ocrx_word' id='word_1_68' title='bbox 354 1003 436 1046; x_wconf 83' lang='lat' dir='ltr'>Florale</span> <span class='ocrx_word' id='word_1_69' title='bbox 446 1003 558 1044; x_wconf 81' lang='lat' dir='ltr'>Kalendas.</span> 
     </span>
     <span class='ocr_line' id='line_1_12' title="bbox 94 1077 639 1132; baseline 0.004 -15"><span class='ocrx_word' id='word_1_70' title='bbox 94 1077 155 1117; x_wconf 89' lang='lat' dir='ltr'>Tunc</span> <span class='ocrx_word' id='word_1_71' title='bbox 165 1086 259 1131; x_wconf 75' lang='lat' dir='ltr'>repetam</span> <span class='ocrx_word' id='word_1_72' title='bbox 268 1094 272 1117; x_wconf 92' lang='lat'><strong>:</strong></span> <span class='ocrx_word' id='word_1_73' title='bbox 283 1091 342 1119; x_wconf 86' lang='lat' dir='ltr'>nunc</span> <span class='ocrx_word' id='word_1_74' title='bbox 351 1091 387 1119; x_wconf 84' lang='lat' dir='ltr'>me</span> <span class='ocrx_word' id='word_1_75' title='bbox 396 1077 498 1132; x_wconf 77' lang='lat' dir='ltr'>grandius</span> <span class='ocrx_word' id='word_1_76' title='bbox 508 1087 569 1132; x_wconf 80' lang='lat' dir='ltr'>urget</span> <span class='ocrx_word' id='word_1_77' title='bbox 578 1090 639 1132; x_wconf 81' lang='lat' dir='ltr'>opus</span> 
     </span>
    </p>

    <p class='ocr_par' dir='ltr' id='par_1_6' title="bbox 62 1149 606 1279">
     <span class='ocr_line' id='line_1_13' title="bbox 62 1149 606 1207; baseline 0 -13"><span class='ocrx_word' id='word_1_78' title='bbox 62 1149 142 1194; x_wconf 71' lang='lat' dir='ltr'>Aufert</span> <span class='ocrx_word' id='word_1_79' title='bbox 151 1151 213 1191; x_wconf 87' lang='lat' dir='ltr'>Vesta</span> <span class='ocrx_word' id='word_1_80' title='bbox 224 1151 294 1192; x_wconf 85' lang='lat' dir='ltr'>diem:</span> <span class='ocrx_word' id='word_1_81' title='bbox 304 1161 396 1207; x_wconf 75' lang='lat' dir='ltr'>cognato</span> <span class='ocrx_word' id='word_1_82' title='bbox 407 1152 470 1194; x_wconf 84' lang='lat' dir='ltr'>Vesta</span> <span class='ocrx_word' id='word_1_83' title='bbox 480 1161 564 1207; x_wconf 86' lang='lat' dir='ltr'>recepta</span> <span class='ocrx_word' id='word_1_84' title='bbox 574 1160 606 1194; x_wconf 90' lang='lat' dir='ltr'>est</span> 
     </span>
     <span class='ocr_line' id='line_1_14' title="bbox 95 1222 518 1279; baseline 0.005 -15"><span class='ocrx_word' id='word_1_85' title='bbox 95 1222 191 1265; x_wconf 84' lang='lat' dir='ltr'>Limine:</span> <span class='ocrx_word' id='word_1_86' title='bbox 202 1223 231 1263; x_wconf 89' lang='lat' dir='ltr'>sic</span> <span class='ocrx_word' id='word_1_87' title='bbox 237 1223 292 1279; x_wconf 83' lang='lat' dir='ltr'>justi</span> <span class='ocrx_word' id='word_1_88' title='bbox 301 1224 433 1267; x_wconf 82' lang='lat' dir='ltr'>constituere</span> <span class='ocrx_word' id='word_1_89' title='bbox 442 1235 518 1279; x_wconf 84' lang='lat' dir='ltr'>patres.</span> 
     </span>
    </p>

    <p class='ocr_par' dir='ltr' id='par_1_7' title="bbox 64 1296 634 1426">
     <span class='ocr_line' id='line_1_15' title="bbox 64 1296 634 1353; baseline 0 -13"><span class='ocrx_word' id='word_1_90' title='bbox 64 1298 159 1341; x_wconf 84' lang='lat' dir='ltr'>Phoebns</span> <span class='ocrx_word' id='word_1_91' title='bbox 169 1296 234 1338; x_wconf 82' lang='lat' dir='ltr'>habet</span> <span class='ocrx_word' id='word_1_92' title='bbox 242 1308 336 1353; x_wconf 67' lang='lat' dir='ltr'>partem</span> <span class='ocrx_word' id='word_1_93' title='bbox 349 1301 416 1340; x_wconf 74' lang='lat' dir='ltr'>Vestae</span> <span class='ocrx_word' id='word_1_94' title='bbox 425 1313 475 1353; x_wconf 81' lang='lat' dir='ltr'>pars</span> <span class='ocrx_word' id='word_1_95' title='bbox 484 1299 551 1341; x_wconf 84' lang='lat' dir='ltr'>altera</span> <span class='ocrx_word' id='word_1_96' title='bbox 559 1298 634 1341; x_wconf 81' lang='lat' dir='ltr'>cessit:</span> 
     </span>
     <span class='ocr_line' id='line_1_16' title="bbox 96 1369 539 1426; baseline 0.005 -17"><span class='ocrx_word' id='word_1_97' title='bbox 96 1369 160 1426; x_wconf 82' lang='lat' dir='ltr'>Quod</span> <span class='ocrx_word' id='word_1_98' title='bbox 169 1380 265 1423; x_wconf 76' lang='lat' dir='ltr'>superest</span> <span class='ocrx_word' id='word_1_99' title='bbox 273 1370 326 1421; x_wconf 83' lang='lat' dir='ltr'>illis,</span> <span class='ocrx_word' id='word_1_100' title='bbox 337 1371 412 1412; x_wconf 76' lang='lat' dir='ltr'>tertius</span> <span class='ocrx_word' id='word_1_101' title='bbox 421 1371 465 1425; x_wconf 79' lang='lat' dir='ltr'>ipse</span> <span class='ocrx_word' id='word_1_102' title='bbox 475 1380 539 1413; x_wconf 84' lang='lat' dir='ltr'>tenet.</span> 
     </span>
    </p>

    <p class='ocr_par' dir='ltr' id='par_1_8' title="bbox 5 1440 576 1498">
     <span class='ocr_line' id='line_1_17' title="bbox 5 1440 576 1498; baseline -0.002 -13"><span class='ocrx_word' id='word_1_103' title='bbox 5 1475 11 1485; x_wconf 84' lang='lat'>.</span> <span class='ocrx_word' id='word_1_104' title='bbox 65 1446 127 1486; x_wconf 84' lang='lat' dir='ltr'>State</span> <span class='ocrx_word' id='word_1_105' title='bbox 137 1440 236 1484; x_wconf 67' lang='lat' dir='ltr'>Palatinae</span> <span class='ocrx_word' id='word_1_106' title='bbox 246 1441 331 1491; x_wconf 82' lang='lat' dir='ltr'>laurus,</span> <span class='ocrx_word' id='word_1_107' title='bbox 340 1452 484 1498; x_wconf 71' lang='lat' dir='ltr'>praetextaque</span> <span class='ocrx_word' id='word_1_108' title='bbox 494 1456 576 1497; x_wconf 85' lang='lat' dir='ltr'>queren</span> 
     </span>
    </p>

    <p class='ocr_par' dir='ltr' id='par_1_9' title="bbox 97 1515 596 1558">
     <span class='ocr_line' id='line_1_18' title="bbox 97 1515 596 1558; baseline 0 -1"><span class='ocrx_word' id='word_1_109' title='bbox 97 1518 144 1557; x_wconf 78' lang='lat' dir='ltr'>Stet</span> <span class='ocrx_word' id='word_1_110' title='bbox 153 1515 244 1557; x_wconf 82' lang='lat' dir='ltr'>domus:</span> <span class='ocrx_word' id='word_1_111' title='bbox 254 1525 345 1557; x_wconf 76' lang='lat' dir='ltr'>aternos</span> <span class='ocrx_word' id='word_1_112' title='bbox 357 1525 398 1557; x_wconf 80' lang='lat' dir='ltr'>tres</span> <span class='ocrx_word' id='word_1_113' title='bbox 408 1515 474 1557; x_wconf 85' lang='lat' dir='ltr'>habet</span> <span class='ocrx_word' id='word_1_114' title='bbox 484 1529 527 1557; x_wconf 90' lang='lat' dir='ltr'>una</span> <span class='ocrx_word' id='word_1_115' title='bbox 536 1518 596 1558; x_wconf 80' lang='lat' dir='ltr'>Deos.</span> 
     </span>
    </p>
   </div>
   <div class='ocr_carea' id='block_1_4' title="bbox 0 0 852 2584">
    <p class='ocr_par' dir='ltr' id='par_1_10' title="bbox 0 0 852 2584">
     <span class='ocr_line' id='line_1_19' title="bbox 0 0 852 2584; baseline 0 0"><span class='ocrx_word' id='word_1_116' title='bbox 0 0 852 2584; x_wconf 95' lang='lat' dir='ltr'> </span> 
     </span>
    </p>
   </div>
  </div>
 </body>
</html>
