1650 2584
59 236 62 241 ,
116 204 143 249 ts
282 202 381 247 ARTIS
399 203 583 247 interorum
673 209 756 262 1454.

142 297 237 351 Deceptte
246 307 259 336 a
268 294 343 337 multis
353 294 435 336 crimen
445 294 539 337 amantis
548 294 636 338 babent.

114 370 190 413 Discite
199 372 227 411 ab
236 370 324 412 alterius
332 370 407 412 vestris
417 370 514 411 timuisse
522 369 615 424 querelis
624 387 629 412 :

144 445 214 485 lenna
223 441 294 484 laliaci
303 456 343 483 nec
351 442 379 484 sit
389 452 462 497 aperta
473 442 525 484 viro.

114 516 205 566 Parcite,
215 515 351 571 Cecropides,
357 514 442 571 juranti
452 512 538 557 credere
547 515 641 566 Theseo;

97 578 102 587 ⁸
143 594 202 648 Quos
211 591 274 634 faciet
284 600 357 641 testes,
367 589 418 632 lecit
427 600 448 632 et
457 600 517 639 unte,
528 592 587 632 Deos.

114 670 140 711 Et
149 667 199 717 tibi,
209 666 360 721 Demophoon,
370 666 444 707 Thesei
454 665 551 707 criminis
560 665 634 717 heres,

141 740 236 798 Phyllide
245 742 344 796 decepta,
353 739 413 782 nulla
423 739 496 781 relicta
507 739 565 781 fides.

114 815 135 856 Si
146 816 199 855 bene
209 813 348 869 promittant,
358 813 447 854 totidem
457 812 577 867 promittite
587 811 658 855 verbis
668 830 672 853 z

101 885 105 892 ’
143 888 163 929 Si
173 886 279 934 dederint,
289 894 311 927 et
319 888 357 927 los
366 884 444 941 gaudia
453 894 516 940 pactu
526 884 582 925 date.

115 960 154 1003 llla
163 970 233 1016 potest
241 958 314 1015 vigiles
323 957 424 1000 flammas
433 957 568 1013 exstinguere
577 957 659 1009 vesun

144 1036 169 1076 Et
178 1044 251 1088 rapere
260 1046 272 1073 e
282 1030 378 1086 templis,
388 1030 473 1080 Inachi,
483 1043 543 1072 saera
554 1029 609 1081 tuis3

115 1109 141 1150 Et
149 1108 200 1149 dare
209 1105 275 1147 mixta
285 1105 330 1145 viro
341 1103 396 1146 tritis
404 1103 489 1145 aconita
498 1103 584 1153 cicutis;

144 1184 237 1236 Acceptn'
244 1181 349 1221 Venerem
360 1192 451 1220 munere
460 1178 477 1220 si
487 1192 530 1234 qua
540 1187 610 1233 neget.

114 1256 163 1297 Fert
172 1251 257 1295 animus
267 1250 355 1307 propius
364 1250 486 1292 consistere.
496 1250 610 1305 supprime
620 1250 730 1303 habenas,

143 1328 214 1374 Musa3
225 1337 264 1365 nec
274 1322 371 1365 admissis
380 1322 488 1364 excutiare
497 1322 556 1365 rotis.

112 1401 183 1444 Verba
193 1400 273 1441 vudum
284 1407 366 1440 tentent
375 1397 470 1452 abiegnis
480 1396 558 1452 scripte
568 1395 659 1439 tabellis.

142 1471 237 1527 Accipiat
245 1469 319 1512 missas
329 1479 380 1525 apta
389 1469 488 1525 ministra
498 1479 566 1511 notas.

112 1546 207 1601 inspice:
217 1545 319 1600 quodque
327 1542 393 1599 leges,
402 1557 428 1584 ex
438 1542 488 1599 ipsis
497 1542 572 1599 collige
582 1543 663 1595 verbis,

142 1618 229 1673 Finget,
238 1631 266 1658 an
275 1631 301 1659 ex
310 1616 384 1658 animo
392 1615 538 1671 sollicitusque
548 1624 614 1672 roget.

114 1695 205 1747 Postque
214 1692 300 1732 brevem
312 1689 402 1731 rescribe
412 1703 505 1731 moram.
515 1691 575 1731 Mora
584 1703 672 1745 semper
681 1702 780 1734 amantes

143 1764 230 1812 Incitat,
240 1762 341 1817 exiguum
351 1762 445 1803 simodo
455 1771 540 1816 tempus
549 1761 621 1802 habet.

115 1838 155 1880 Sed
164 1849 234 1891 neque
245 1845 264 1877 te
275 1834 360 1877 facilem
366 1833 443 1890 juveni
452 1834 555 1889 promitte
565 1834 664 1889 roganti:

143 1912 188 1952 Nec
198 1919 271 1951 tamen
280 1909 360 1960 edum,
369 1909 429 1963 quod
438 1909 502 1964 petit,
512 1921 549 1949 ore
558 1921 618 1962 nega.

115 1986 156 2026 Fac
165 1983 241 2025 timeat
249 1991 362 2037 speretque
371 1980 450 2023 simui:
460 1980 586 2035 quotiesque
597 1978 706 2030 remittes,

145 2057 238 2108 Spesque
247 2053 315 2108 magis
325 2053 395 2095 veniat
404 2063 473 2104 certa,
484 2054 597 2107 minorque
607 2061 687 2094 metus.

117 2126 209 2174 Munda,
219 2125 275 2166 sede
286 2125 368 2173 medio,
378 2134 523 2180 consuetaque
533 2124 608 2173 verba,
618 2124 707 2180 puellae,

146 2196 242 2240 Scribite.
252 2197 360 2240 Sermoms
369 2198 456 2254 publica
465 2197 537 2241 forma
545 2198 622 2255 placet.
