1650 2584
112 173 151 215 322
337 171 521 214 PASTORUM
686 188 709 216 v.
726 187 767 216 αι.

140 270 192 305 tuse
201 273 240 316 per
248 261 336 316 exiguos
345 275 425 317 magna
434 261 514 303 referre
522 262 613 314 meam

107 336 122 376 J
124 348 148 377 ns
155 333 194 376 tihi
203 333 272 376 fecisti
281 347 364 376 numen
374 333 457 376 coeieste
468 333 564 385 ridendi,

140 410 210 463 Quum
218 406 301 463 placuit
310 407 406 449 numeris
416 406 508 449 condere
518 405 573 449 festa
582 407 633 450 tuis.

111 481 144 524 Ne
150 492 224 525 tamen
233 481 328 537 ignores,
338 480 440 536 vulgique
448 494 521 523 errore
530 481 634 534 traharis,

141 554 215 597 huius
225 569 237 596 a
246 564 320 597 nestro
330 553 419 595 nomine
428 567 510 596 nomen
519 552 592 597 habet.

110 627 235 682 Eetaliquid
244 627 340 683 nupsisse
349 627 408 677 iovi,
417 627 474 668 Jovis
484 641 528 669 esse
537 640 642 670 sororem.

141 700 211 742 Fratre
220 699 299 754 magis,
309 698 397 749 dubito,
408 697 497 754 glorier,
508 712 564 742 annc
574 699 627 741 viro.

112 771 134 814 Si
144 786 207 827 genre
216 772 345 828 adspicitur,
354 774 474 814 Saturnum
484 771 555 828 prima
564 781 682 828 parentem

143 846 200 889 Feci:
210 845 296 889 Saturni
306 858 352 888 sors
360 858 399 900 ego
409 845 481 900 prima
489 844 529 887 rui.

112 918 130 959 Δ
139 930 196 972 patre
205 917 262 959 dicta
272 931 320 959 mco
329 917 440 973 quondam
450 915 550 959 Saturnia
558 918 627 958 Roma
637 926 686 960 est:

143 991 188 1032 llaec
197 989 228 1031 illi
237 1005 250 1033 a
259 990 312 1033 coelo
321 990 420 1046 proxima
430 999 486 1032 terra
496 988 545 1033 fuir.

86 1049 88 1052 Α
114 1062 135 1104 Si
146 1072 203 1105 torus
212 1063 234 1105 in
243 1064 312 1118 pretio
322 1073 365 1112 est,
375 1063 436 1105 dicor
445 1072 546 1105 matrona
554 1061 675 1106 Tonantis:

142 1138 261 1193 iunctaque
270 1137 362 1193 Tarpeio
370 1147 423 1181 sunt
432 1150 481 1179 mea
490 1136 572 1193 templu
580 1138 634 1179 Jori.

112 1212 145 1254 An
155 1211 224 1266 potuit
233 1210 290 1253 Maio
298 1210 368 1266 peiicx
376 1212 428 1254 dare
436 1211 528 1253 nomina
537 1210 618 1253 mensi!

144 1284 181 1327 liic
190 1286 259 1327 honor
268 1285 291 1327 in
299 1286 363 1329 nobis
371 1286 491 1329 invidiosus
500 1286 553 1329 eritt

113 1359 158 1401 Cur
166 1356 230 1413 igitur
239 1358 316 1413 Regina
326 1371 390 1400 vocor
400 1359 541 1414 Princepsque
549 1359 657 1400 nestum
712 1396 715 1401 ,

144 1433 212 1473 Aurea
220 1445 259 1474 cur
268 1433 346 1475 dextre
354 1442 438 1487 sceptra
447 1432 523 1474 dedere
533 1436 599 1474 meat

115 1507 148 1547 An
158 1504 237 1548 faciant
246 1519 342 1548 mensem
352 1506 421 1555 luces,
430 1505 552 1560 Lucinaque
562 1506 590 1546 ab
599 1504 642 1548 illis

145 1578 217 1629 Dicar;
228 1590 250 1622 et
259 1593 271 1620 a
280 1578 341 1622 nullo
351 1579 440 1621 nomina
451 1591 525 1620 mense
535 1578 635 1621 traham?

117 1654 173 1696 Tum
184 1667 220 1694 me
228 1653 329 1708 peniteat
337 1654 433 1708 posuisse
443 1652 534 1696 ridetur
543 1652 586 1694 iras

147 1730 171 1768 in
181 1741 247 1783 genus
256 1727 351 1777 Electrae.
362 1728 534 1782 Dardaniamque
543 1727 645 1769 domum.

117 1800 186 1843 causa
195 1799 272 1854 duplex
282 1799 329 1841 ira:
341 1809 401 1853 rapte
411 1799 534 1855 Ganymede
543 1797 657 1852 dolebam

147 1875 224 1914 Forma
233 1887 319 1928 qunque
329 1872 463 1927 ldaeojudice
473 1873 528 1913 victa
538 1886 586 1915 mee
595 1881 635 1915 cst.

118 1944 229 1987 Poeniteat.
240 1946 298 1999 quod
309 1959 352 1986 non
362 1944 425 1986 foveo
433 1944 567 2000 Carthaginis
577 1958 647 1995 arccs3

148 2017 221 2071 Quum
232 2029 279 2056 inea
288 2016 331 2058 sint
340 2016 376 2058 illo
386 2030 463 2060 currus
472 2028 493 2058 et
502 2031 564 2059 arma
572 2017 628 2058 luco.

119 2088 220 2130 Poeniteat
228 2089 328 2143 Sparten,
339 2094 459 2145 Argosque,
469 2105 571 2145 measque
583 2093 694 2148 Mycenas,

148 2161 174 2206 Et
182 2169 274 2204 veterem
281 2162 342 2205 Latio
350 2163 487 2220 supposuisse
496 2166 578 2207 Samon
587 2179 593 2206 :
