1650 2584
60 231 62 238 κ
84 208 123 260 184
305 206 488 247 PASTORUM
636 205 721 247 nato.

110 295 204 352 Quidve,
214 295 273 350 quod
283 291 305 336 in
316 295 394 337 misero
405 305 501 350 ternpore
511 303 586 344 restet,
596 294 691 337 habentt

81 371 140 412 Sicut
150 384 211 426 aper,
221 369 279 411 silvis
288 370 351 425 longe
361 369 504 412 Laurentibus
514 378 585 420 actus,

111 443 223 486 Fulmineo
233 443 312 486 celeres
322 442 411 497 dissipat
421 456 457 483 ore
466 455 541 493 canes,

83 521 132 561 Mox
142 529 213 561 tamen
224 519 269 574 ipse
280 519 349 574 perit:
360 517 389 559 sie
399 530 443 558 non
455 516 580 558 moriuntur
589 514 664 567 inulti,

113 591 251 646 Vulneraque
260 590 343 633 alterna
353 591 448 645 dantque
457 588 573 644 feruntque
583 602 657 631 mann.

85 665 132 706 Una
141 664 185 705 dies
196 663 272 704 Fabios
282 663 309 704 ad
319 662 402 704 bellum
412 661 501 704 miserat
510 674 596 703 omnes:

113 738 144 778 Ad
153 737 234 779 bellum
246 737 321 778 missos
330 735 423 792 perdidit
433 749 476 778 una
486 734 538 778 dies.

84 813 112 855 Ut
122 820 194 853 tamen
205 811 311 853 llerculeae
320 820 454 866 superessent
463 809 547 852 semina
556 808 634 866 gentis,

113 882 217 926 Credibile
227 893 258 926 est
267 883 324 939 ipsos
334 882 468 926 consuluisse
477 884 543 924 Deos:

86 956 143 996 Nam
153 968 207 1011 puer
216 956 327 1011 impubes,
338 965 358 997 et
368 955 439 997 adhuc
448 969 493 996 non
503 953 561 998 utilis
570 954 646 1004 armis,

113 1031 173 1071 Unus
183 1029 209 1070 de
218 1028 284 1069 Fabia
293 1038 356 1084 gente
365 1027 452 1070 relictus
462 1038 520 1079 erat;

85 1102 169 1145 Scilicet
178 1111 203 1143 ut
211 1115 283 1156 posses
293 1100 345 1142 olim
356 1110 391 1150 tu,
402 1101 507 1152 Maxime,
517 1100 586 1153 nasei,

116 1176 155 1219 Cui
165 1190 198 1217 res
207 1175 329 1217 cunctando
341 1175 474 1217 restituenda
483 1173 546 1217 foret.

91 1327 233 1368 Cortrrnutrt
244 1323 292 1366 loeo
302 1323 343 1366 tria
352 1324 434 1373 sidera,
443 1325 525 1366 Corvus
534 1333 556 1365 et
565 1323 655 1379 Anguis,

118 1400 143 1441 Et
152 1398 236 1440 medius
245 1400 319 1440 Crater
328 1398 384 1441 inter
393 1407 512 1453 utrumque
518 1397 584 1454 jacet.

92 1472 166 1514 Idibus
175 1471 211 1514 illa
221 1471 301 1513 latent:
311 1471 413 1514 oriuntur
423 1480 486 1512 nocte
495 1470 600 1526 sequenti.

119 1545 172 1602 Quae
180 1543 220 1585 sibi
230 1557 269 1584 cur
279 1543 320 1585 tria
328 1544 371 1585 sint
381 1543 504 1585 consociata
514 1557 600 1585 canam.

90 1617 153 1658 forte
162 1616 208 1657 lori
218 1615 298 1658 festum
307 1616 398 1658 Phoebus
407 1615 504 1657 solemne
514 1616 605 1671 parabat

100 1731 102 1734 ,
122 1687 184 1745 (Non
195 1688 258 1730 faciet
268 1687 341 1743 longas
351 1687 425 1731 fabula
434 1698 508 1730 nostra
518 1688 615 1745 moras):

93 1764 113 1813 l,
123 1776 183 1810 mea,
195 1761 258 1811 dixit,
269 1761 323 1810 uvis,
334 1775 360 1802 ne
370 1762 422 1816 quid
432 1761 467 1816 pia
476 1775 536 1803 saera
547 1772 655 1814 moretur,

123 1838 149 1879 Et
158 1845 245 1878 tenuem
256 1836 307 1877 vivis
318 1835 415 1878 tontibus
424 1834 485 1882 adfer
494 1850 581 1891 aquam.

93 1912 174 1953 Corvus
184 1909 309 1951 inauratum
320 1909 411 1964 pedibus
420 1919 502 1951 cratera
512 1910 605 1953 recurris

125 1980 200 2028 Tollit,
210 1989 232 2022 et
241 1980 323 2022 aerium
333 1981 430 2036 pervolat
439 1980 495 2023 altus
505 1981 551 2024 iter.

95 2055 169 2098 Stabat
178 2054 249 2096 adhue
259 2054 318 2096 duris
329 2054 382 2096 licus
392 2054 518 2097 densissima
527 2057 610 2112 pomis:

125 2130 143 2170 Τ
144 2136 204 2169 entat
213 2141 261 2168 eam
271 2138 341 2169 rostro
350 2145 355 2169 :
365 2142 410 2170 nnn
420 2139 466 2170 erat
475 2138 525 2184 apta
534 2128 582 2184 legi.

23 2257 30 2267 a
96 2204 217 2245 Immemor
226 2202 311 2258 imperii
320 2203 398 2247 sedisse
407 2204 449 2246 sub
459 2204 535 2246 arbore
544 2203 624 2256 fertur3
