1650 2584
78 221 97 249 v.
108 209 156 265 ⁶97.
324 207 425 250 mem
441 208 474 250 tt.
688 213 717 253 ct

78 298 120 340 Nec
130 298 243 354 platanus,
253 296 297 339 nisi
306 310 367 348 sera,
377 306 448 352 potest
456 296 558 340 obsistere
566 297 658 341 Phoebo:

103 374 129 414 Et
138 371 221 415 laeduut
231 372 303 414 nudos
313 380 375 427 prato
384 371 468 413 novella
476 373 546 427 pedes.

77 445 158 489 Scilicet
166 446 300 488 Hermionen
310 445 394 488 Helene
404 459 527 502 preponere
537 452 621 502 posses?

103 518 129 559 Et
138 517 217 560 melior
226 519 308 574 Gorge,
318 531 385 573 quam
395 531 435 560 sua
444 528 525 569 mntem
534 524 593 561 eratt

76 595 106 637 ld
116 596 225 637 Venerem
235 594 363 650 quicunque
372 593 430 636 voles
439 593 543 649 attingere
552 607 634 644 serem,

103 669 124 711 Si
134 669 202 711 modo
212 667 310 718 duratis,
319 667 408 722 premia
417 668 481 723 digua
491 667 552 710 feres.

77 742 179 784 Conscius
189 755 240 784 ecce
249 740 304 783 duos
314 741 397 796 accepit
406 740 473 784 lectus
482 751 590 784 amantes:

104 816 135 858 Ad
147 815 240 859 thalami
250 813 345 867 clausos,
354 816 427 864 Musa,
436 815 508 859 resiste
518 814 581 858 fores.

77 891 156 947 Sponte
166 903 218 941 suu,
228 889 274 930 siue
285 898 316 939 te,
326 887 465 930 celeberrimo
475 889 540 931 verba
548 887 674 945 loquentur:

104 966 149 1006 Nec
159 975 241 1004 manus
250 961 272 1003 in
282 960 337 1003 lecto
347 960 398 1002 laeve
404 961 487 1017 jacebit
496 961 559 1004 iners.

77 1038 188 1080 Invenient
198 1035 271 1091 digiti,
280 1035 340 1092 quod
349 1045 413 1090 agent
422 1035 444 1077 iu
454 1035 552 1091 partibus
561 1035 613 1088 illis,

103 1113 130 1171 ln
139 1109 221 1166 quihus
230 1108 314 1151 occulte
323 1107 406 1164 apicula
416 1108 463 1164 figit
471 1111 544 1151 Amor.

78 1184 134 1226 Fecit
143 1182 167 1224 in
175 1181 326 1224 Andromache
335 1181 395 1237 prius
404 1181 445 1223 hoc
455 1181 585 1226 fortissimus
593 1184 680 1226 Hector:

105 1258 150 1299 Nec
160 1255 233 1298 solum
242 1255 303 1297 hellis
313 1254 372 1297 utilis
381 1254 416 1296 ille
426 1253 474 1298 luit.

77 1330 134 1373 fecit
142 1340 164 1373 et
173 1329 196 1371 in
206 1338 269 1385 capta
277 1328 390 1385 Lyrneside
400 1342 492 1384 magnus
500 1328 602 1381 Achilles,

105 1404 179 1460 Quum
188 1411 296 1457 premeret
305 1400 394 1443 mollem
403 1399 471 1443 lessus
480 1402 508 1443 ab
517 1401 579 1443 hoste
588 1411 667 1444 torum.

76 1475 117 1519 lllit
126 1486 147 1519 te
157 1475 215 1531 tangi
223 1475 336 1526 menibus,
345 1473 421 1525 Brisei,
431 1474 525 1525 sinebas,

105 1550 198 1592 lmhutae
206 1547 297 1605 Phrygia
303 1561 352 1604 quae
361 1560 412 1588 nece
421 1561 506 1602 semper
514 1558 582 1590 erant.

79 1626 109 1666 An
118 1622 161 1666 tuit
170 1622 211 1663 hoc
220 1622 305 1677 ipsum,
314 1620 374 1676 quod
384 1629 416 1671 te,
426 1619 502 1663 lasciva
508 1651 513 1670 ‚
520 1619 618 1677 juvaret,

104 1698 135 1739 Ad
145 1706 183 1738 tua
192 1694 288 1737 victrices
298 1694 397 1736 membra
406 1693 478 1735 venire
488 1699 578 1737 manus?
594 1738 596 1743 ,

79 1770 142 1813 Crede
151 1768 217 1818 mihi,
226 1781 273 1809 non
282 1776 314 1809 est
323 1765 411 1809 Veneris
421 1768 554 1822 properanda
564 1767 672 1825 voluptas;
696 1789 701 1802 x

105 1843 144 1886 Sed
153 1841 233 1885 sensim
244 1840 305 1884 tarda
314 1839 445 1899 prolicienda
456 1854 523 1883 mora.

79 1917 148 1974 Quum
158 1916 205 1958 loco
215 1914 343 1971 reppereris.
353 1927 401 1968 que
411 1913 469 1967 tangi
480 1912 560 1955 femina
569 1915 658 1969 gaudet,

104 1992 153 2031 Non
163 1989 245 2037 obstet,
255 1996 330 2042 tangas
338 1998 382 2041 quo
392 1985 465 2028 miuus
477 1985 524 2038 illo,
533 1987 610 2042 pudor.

78 2063 181 2119 Adspicies
190 2060 265 2104 oculos
275 2059 369 2103 tremulo
378 2048 462 2115 fulgore
472 2061 586 2113 micantes,

105 2137 131 2179 Ut
139 2134 170 2177 sol
180 2148 193 2176 a
203 2133 285 2188 liquida
293 2145 348 2188 eaepe
359 2131 450 2188 refulget
459 2147 521 2188 equo.

80 2208 182 2252 Accedent
191 2215 292 2262 questus,
301 2205 387 2248 accedet
395 2204 489 2247 amabile
498 2217 610 2253 murmur,
