1650 2584
86 195 107 223 v.
120 182 169 235 723.
324 183 424 224 LIBER
442 183 490 224 lll.
683 184 727 238 ²³9

85 272 140 314 Ecce
149 268 201 313 libet
210 270 293 313 subitos
302 270 382 326 pisces,
390 271 544 328 'lyrrheuaque
553 281 650 315 monstra

114 342 200 386 Dicere:
210 343 246 385 sed
256 356 301 385 non
311 353 343 386 est
351 343 454 385 carminis
465 342 531 399 liujus
540 357 602 400 opus.

83 415 192 460 Carminis
202 415 267 471 hujus
277 430 342 472 opus.
353 431 429 459 causes
439 431 575 474 expromere,
585 430 652 474 quare

113 487 167 531 Vilis
176 502 231 531 anus
240 490 331 546 populos
341 490 367 532 ad
377 504 417 532 sua
427 490 469 533 liba
479 501 547 534 vocet.

86 564 142 607 Ante
153 573 201 606 tuos
212 573 272 606 ortus
282 577 323 607 srae
333 564 379 606 sine
388 565 471 607 honore
480 565 581 617 fuerunt,

113 638 182 687 liber,
192 638 244 680 etin
255 637 328 693 gelidis
338 637 405 680 herba
416 649 499 694 reperta
509 638 568 683 loeis.

82 712 114 754 Te
122 720 257 759 memorant.
267 712 339 766 Gange
350 720 438 766 totoque
448 712 533 754 Oriente
542 713 643 763 subacto,

111 781 219 825 Primitiae
229 796 308 838 magno
317 784 437 838 seposuisse
444 785 498 826 lovi.

81 857 190 900 cinnama
198 864 223 900 tu
232 856 327 913 primus.
337 857 464 913 captivaque
474 867 523 900 tura
532 859 619 913 dedisti,

110 933 183 985 Deque
193 929 327 986 triumphato
336 930 417 973 viscera
427 940 482 973 tosta
492 931 553 973 bove.

79 1003 176 1047 Nomine
185 1004 213 1045 ab
222 1004 316 1046 auctoris
326 1005 410 1047 ducunt
420 1005 530 1047 libamina
541 1019 632 1057 nomen,

110 1076 215 1132 Libaque;
225 1078 284 1133 quod
294 1077 359 1120 sacris
368 1091 418 1134 pnes
427 1079 492 1121 datur
501 1078 551 1121 iude
561 1077 621 1122 iocis.

78 1149 133 1194 Liba
143 1152 185 1192 Deo
195 1150 262 1201 liunt,
271 1151 340 1194 succis
349 1152 401 1207 quia
409 1152 511 1195 dulcibus
521 1152 555 1195 ille

109 1223 203 1275 Gaudet,
212 1232 233 1266 et
241 1237 254 1267 u
262 1224 344 1266 Baccho
354 1224 419 1267 mella
428 1235 512 1282 reperto
521 1224 601 1269 ierunt.

76 1373 132 1415 lun
140 1386 230 1416 arenoso
239 1376 319 1433 Satyris
328 1376 445 1420 comitatus
454 1378 482 1419 ab
492 1379 563 1420 Hebro

106 1445 171 1502 (Non
180 1446 246 1491 habet
254 1447 348 1504 ingratos
358 1447 434 1491 fabula
443 1459 517 1491 nostre
523 1449 600 1506 jocos)
610 1464 615 1490 ε

73 1520 168 1575 Jamque
177 1529 224 1563 erat
232 1520 260 1562 ad
268 1521 387 1578 Rhodopen
395 1524 528 1578 Pangaesque
538 1523 616 1567 florida
624 1533 728 1568 ventum:

102 1591 197 1636 Eriiene
206 1593 312 1637 comitum
322 1606 467 1651 concrepuere
477 1608 561 1641 manus.

70 1666 127 1708 Ecce
136 1678 197 1708 noue
206 1646 403 1717 coeunfvolncres,
414 1666 530 1711 tinnitibus
538 1679 603 1712 acte:

101 1739 194 1794 Quaque
203 1748 292 1783 movent
299 1738 383 1782 sonitus
392 1752 446 1790 ειη,
456 1752 578 1795 sequnntur
587 1756 644 1799 apes

68 1810 158 1867 Colligit
166 1820 273 1863 errantes,
282 1813 335 1855 etin
345 1814 422 1855 arbore
432 1813 514 1856 clandit
522 1814 583 1858 inani

98 1886 174 1939 Liber3
185 1895 206 1930 et
216 1886 296 1930 inventi
306 1888 396 1943 praemin
405 1887 475 1930 mellis
484 1887 557 1933 habet.

67 1962 96 2003 Ut
106 1960 176 2016 Satyri
185 1960 279 2015 levisque
288 1974 352 2004 senex
362 1960 450 2016 tetigere
459 1975 570 2017 soporem,

97 2033 231 2089 Quaerebant
240 2033 305 2076 ssavos
315 2048 353 2090 per
363 2048 442 2077 nemus
451 2049 517 2077 omne
527 2036 593 2079 favos.

65 2107 134 2152 Audit
143 2107 166 2149 in
176 2120 237 2150 exesa
246 2108 362 2150 stridorem
372 2108 477 2150 examinis
487 2108 560 2161 ulmo,

95 2181 194 2238 Adspicit
202 2192 224 2225 et
233 2197 303 2234 ceras,
314 2183 481 2239 dissimulatque
490 2199 561 2229 senex.

594 2264 624 2300 its.
