1650 2584
98 201 139 239 ns
327 200 509 242 easroauu
605 200 608 207 ’
653 201 746 255 etos.

98 286 132 329 Ne
143 296 216 330 tamen
226 287 301 345 ignaro
311 289 395 332 novitas
405 289 445 332 tibi
455 289 550 332 nominis
560 289 642 341 obstet,

126 360 185 403 Disce
194 362 242 416 quis
251 362 291 405 iate
299 364 366 412 Deus,
376 376 441 405 curve
450 374 539 406 vocetur
548 363 584 405 ita.

98 434 182 491 Jupiter
191 446 223 478 est
228 435 326 491 juvenis:
333 435 441 491 juveniles
450 437 536 492 adspice
543 436 622 480 vnitua.

126 509 216 566 Adspice
225 510 302 553 deinde
312 524 403 552 manum
414 526 419 550 ι
430 509 524 553 fulmina
534 511 594 553 uuila
604 521 670 554 tenet.

101 581 213 634 Fulmina,
223 593 272 639 post
280 596 345 625 ausos
352 582 432 625 coelum
442 582 550 626 adfectare
560 584 673 639 Gigantas,

128 656 205 698 Sumta
213 656 271 698 tovi:
281 655 353 712 primo
363 662 461 711 tempore
471 656 561 698 inermis
572 667 625 699 erat.

97 729 186 785 Ignibus
194 731 245 772 Ossa
254 730 327 779 novis,
337 738 359 773 et
367 729 440 772 Pelion
450 729 514 772 altior
522 732 575 773 Ossa

127 802 194 854 Arsit,
204 812 226 845 et
234 802 257 845 in
266 802 333 844 solida
345 801 400 844 fixus
410 802 515 859 Olympus
525 803 602 845 humo.

98 878 145 919 Stat
153 890 240 932 quoque
249 890 312 932 capra
322 876 401 919 simul:
412 877 519 933 Nymphae
524 877 610 933 pavisse
618 875 726 921 feruntur

128 949 221 992 Cretides
230 965 235 989 :
244 949 323 992 infanti
332 949 365 992 iao
374 950 437 992 dedit
445 949 482 991 illa
490 950 544 992 Jovi.

100 1023 165 1064 Nunc
175 1036 239 1064 vocor
248 1024 275 1064 ad
285 1036 379 1064 nomen:
389 1024 512 1077 Vegrandia
521 1022 580 1066 fam
586 1023 671 1077 coloni,

129 1096 181 1152 Quae
191 1095 247 1137 male
256 1105 382 1147 creverunt,
392 1110 497 1151 vescaque
504 1109 570 1152 parva
579 1105 664 1139 vocant.

100 1170 138 1212 Vis
148 1183 174 1211 ea
181 1170 199 1211 si
210 1170 269 1212 verbi
278 1179 321 1219 est.
330 1183 370 1213 our
378 1184 423 1212 non
431 1184 471 1226 ego
481 1171 567 1226 Vejovis
576 1171 656 1222 adem,

129 1243 202 1286 AEdem
212 1256 256 1285 non
266 1242 340 1298 magni
349 1242 445 1298 suspicer
453 1256 498 1286 esse
506 1243 576 1286 Jovist

103 1393 204 1443 Jauour,
214 1389 252 1433 ubi
261 1389 379 1433 carneum
388 1388 502 1432 vallabunt
510 1390 580 1432 sidera
589 1388 682 1441 onium,

131 1465 229 1520 Suspice:
240 1464 345 1519 Gorgonei
354 1463 410 1505 coila
419 1463 500 1505 videbis
509 1463 566 1519 equi.

103 1536 203 1580 Creditur
212 1536 247 1578 hio
254 1550 312 1578 oaesae
321 1535 408 1592 gravida
418 1535 499 1577 cervice
509 1536 602 1577 Medusa

133 1611 241 1667 Sanguine
250 1612 350 1668 respersis
359 1610 482 1666 prosiluisse
488 1609 557 1664 jubis.

103 1686 157 1730 Huic
167 1700 232 1743 supra
242 1687 322 1737 nubes,
332 1696 353 1728 et
361 1686 437 1727 subter
444 1684 524 1733 sidera,
534 1683 595 1739 lapso

131 1760 214 1804 Coeium
224 1773 264 1815 pro
273 1769 341 1810 terra,
351 1772 390 1814 pro
399 1760 453 1814 pede
462 1771 533 1814 penna
542 1757 592 1800 fuit.

103 1838 195 1890 Jamque
204 1834 325 1890 indignanti
335 1846 392 1875 nova
401 1831 463 1875 frena
472 1841 581 1887 receperat
588 1845 636 1883 ore,

135 1911 210 1964 Quum
220 1907 271 1949 levia
280 1907 358 1949 Aonias
368 1906 451 1961 ungula
461 1905 516 1947 fodit
525 1918 597 1960 aquas.

105 1983 169 2024 Nunc
177 1980 258 2023 fruitur
267 1980 333 2031 coelo,
344 1981 402 2035 quod
412 1980 489 2035 pennis
498 1988 549 2021 onte
558 1980 657 2035 patebat,
712 1982 714 1987 '

134 2056 160 2095 Et
169 2053 250 2095 nitidus
261 2052 327 2095 stellis
336 2052 433 2108 quinque
442 2052 560 2108 decemque
570 2052 643 2094 micat.

105 2203 212 2244 Puonruus
222 2199 326 2255 adspicies
335 2198 429 2242 venienti
438 2209 501 2242 nocte
510 2201 619 2243 Coronam
