1650 2584
122 185 161 226 ise
343 182 526 225 rtsrnauu
672 195 693 223 v.
706 182 757 236 640.

147 274 211 314 Nunc
221 281 242 314 te
250 282 338 315 sacrate
347 272 459 314 restituere
469 285 554 314 manus.

118 344 207 395 Furius,
216 345 343 400 antiquum,
354 344 430 400 populi
439 345 668 400 superator'fletrusci‚

147 419 250 467 Voverat,
261 427 282 460 et
290 418 333 459 voti
343 417 435 459 solverat
444 426 494 459 aute
503 416 577 459 fldem.

116 491 196 540 Causa,
206 491 264 545 quod
274 504 287 531 a
296 490 392 531 Patribus
402 488 480 530 sumtis
489 498 603 531 secesserat
612 488 678 530 armis

145 564 238 621 Vulgum
249 575 271 607 et
279 565 325 620 ipsa
334 579 383 606 suas
392 567 460 606 Roma
471 564 562 607 timebat
571 578 628 620 opes.

116 641 186 682 Causa
196 653 267 682 recens
277 639 363 690 meli0r;
374 653 447 695 passos
456 639 570 682 Germania
580 639 647 681 crines

144 713 234 769 Porrigit
244 713 354 769 auspiciis,
364 715 410 755 Dux
420 714 550 762 venerande,
562 713 610 755 tuis.

115 788 167 829 Inde
178 788 315 843 triumphatae
325 787 395 829 libasti
406 801 495 829 munera
506 786 585 844 gentis,

145 861 275 917 Templaque
285 860 364 912 iecisti,
374 875 441 916 quam
451 860 503 903 coiis
512 862 568 917 ipse,
577 863 630 902 Deae.

117 936 163 977 flaec
174 945 211 977 tua
220 936 331 977 constituit
340 933 435 976 Genitrix
445 944 466 976 et
475 935 539 976 rebus
548 945 569 976 et
578 947 627 985 ara,

144 1007 193 1050 Sola
203 1017 250 1049 toro
260 1006 332 1061 magni
343 1007 407 1061 digna
417 1016 500 1062 reperta
509 1006 572 1048 iovis.

116 1082 163 1122 fiee
173 1079 211 1121 ubi
221 1078 354 1130 transierin13
364 1077 506 1134 Capricorno,
517 1077 603 1128 Phoebe,
613 1076 698 1128 relicto,

143 1155 182 1195 Per
187 1151 274 1208 juvenis
283 1165 355 1193 curres
364 1152 424 1207 signa
434 1151 524 1207 gerentis
534 1164 620 1206 aquam.

115 1225 223 1282 Septimus
232 1224 283 1266 binc
292 1224 366 1265 Oriens
376 1238 445 1279 quum
456 1238 478 1266 se
487 1224 596 1267 demiserit
605 1224 680 1276 undis,

143 1299 240 1355 Fulgebit
250 1309 295 1341 toto
301 1297 349 1353 jam
359 1300 412 1355 Lyra
423 1298 481 1341 nulia
492 1299 548 1354 poio.

115 1374 186 1416 Sidere
194 1374 222 1415 ab
232 1373 284 1424 boe,
293 1372 347 1428 ignis
358 1373 450 1415 venienti
460 1383 523 1415 noete
532 1373 607 1416 Leonis

142 1448 184 1506 Qui
194 1449 260 1490 micat
269 1448 292 1489 in
301 1448 373 1489 medio
382 1457 479 1504 pectore,
489 1461 572 1490 mersus
581 1449 627 1491 erit

112 1599 157 1640 Ten
166 1605 243 1652 quater
254 1596 320 1638 evolvi
330 1597 438 1652 signantes
449 1607 547 1652 tempora
556 1598 640 1649 Festos3

141 1672 186 1711 Nec
195 1668 315 1711 Sementiva
325 1679 357 1711 est
366 1668 409 1710 utta
420 1680 505 1724 reperta
513 1670 568 1711 dies:

112 1744 187 1800 Quum
198 1740 261 1790 mihi,
271 1740 336 1781 sensit
345 1740 416 1790 enim,
426 1742 470 1781 Lux
480 1740 524 1782 baec
534 1740 647 1792 indicitur,
657 1741 731 1799 inquit

141 1813 202 1856 Musa
212 1814 298 1867 :quida
308 1812 374 1853 rastis
384 1826 428 1853 non
439 1822 494 1855 state
503 1826 562 1855 sacra
571 1813 638 1868 petis!

113 1890 183 1941 thue
193 1886 237 1927 dies
246 1886 327 1927 iucerta
336 1898 408 1933 sacro,
419 1884 448 1926 sic
459 1895 556 1940 tempora
566 1895 636 1938 certa,

140 1960 262 2003 Seminibus
268 1959 333 2013 jactis
342 1969 374 2001 est
383 1960 422 2001 ubi
433 1959 489 2003 fetus
498 1974 554 2015 ager.

112 2038 170 2078 State
182 2033 278 2076 coronati
288 2033 378 2088 plenum
387 2035 415 2075 ad
425 2033 622 2089 praesepejuvenci‚

141 2111 214 2165 Quum
224 2105 295 2161 tepido
305 2117 399 2148 vestrum
409 2120 457 2148 vere
467 2106 545 2149 redibit
554 2120 616 2161 opus.

111 2180 209 2224 Rusticus
219 2179 333 2221 emeritum
343 2179 392 2234 palo
401 2180 517 2236 suspendat
525 2188 635 2227 aratrum:
