1650 2584
137 199 177 239 32⁸
363 199 545 242 fistulatim
699 215 724 242 v.
741 201 790 242 isc

164 289 229 329 Terra
239 286 299 330 fabas
310 296 406 339 tautum,
417 289 516 344 duraque
525 288 584 330 farra
592 289 669 332 dabat.

136 362 187 418 Quae
196 361 240 404 duo
250 363 316 405 mixta
325 362 391 405 simui
399 363 464 417 sextis
473 364 598 420 quicunque
607 363 716 407 Kalendis

164 433 245 485 Edcrit,
255 434 306 477 huic
315 433 363 476 taeti
372 433 453 477 viscera
462 448 524 491 posse
533 445 618 492 negant

133 581 190 622 Aeci
199 595 285 637 quoque
294 582 316 624 in
325 596 413 625 summa
421 583 503 625 lunoni
514 582 596 640 templa
604 585 702 628 Manem

163 657 192 697 Ex
202 666 251 698 voto
260 667 384 699 memorent
393 656 463 709 facta,
473 657 574 709 camille,
586 667 631 701 tuo.

135 731 189 772 Ante
198 730 277 771 domus
287 729 352 772 Manli
362 730 460 782 fuerant,
471 731 509 786 qui
518 730 598 774 Gallica
606 732 728 788 quondan

164 804 180 844 Δ
189 802 309 858 Capitolino
319 802 399 859 repulit
407 817 468 845 arma
478 805 537 846 Jove.

136 877 206 934 Quam
216 876 282 926 bene,
291 878 315 918 nt
325 876 409 932 magni!
419 890 493 933 pugna
501 877 610 921 cecidisset
619 876 642 920 iu
652 877 691 920 illa

165 949 267 991 Defensor
275 949 333 1001 solii,
342 950 426 1006 Jupiter
435 950 488 1002 alte,
498 950 542 993 tui!

136 1023 206 1075 Vixit,
216 1034 240 1066 ut
249 1024 356 1068 occideret
364 1025 481 1067 damnatus
492 1024 583 1068 crimine
593 1025 665 1081 regui:

165 1100 225 1141 Hunc
236 1096 266 1140 illi
276 1097 365 1141 titulum
376 1099 441 1155 longa
450 1107 535 1141 senecta
543 1099 617 1140 dabat.

135 1172 181 1213 Lux
190 1172 264 1213 eadem
274 1172 336 1214 Marti
346 1171 401 1214 festa
410 1181 454 1222 est;
463 1185 530 1227 quem
540 1170 643 1227 prospicit
652 1181 718 1215 extra

164 1243 291 1300 Adpcsitum
301 1253 360 1286 tectae
369 1254 433 1300 porta
440 1246 525 1300 Capena
534 1245 578 1287 vie.

137 1318 165 1359 Tc
174 1330 272 1372 quoquc,
281 1318 416 1372 Tempestas,
427 1316 528 1360 meritam
537 1316 627 1358 delubra
636 1315 753 1369 fatemur,

165 1392 238 1448 Quum
247 1402 307 1445 pene
315 1399 348 1432 est
355 1390 426 1433 Corsis
435 1391 515 1432 obruta
523 1389 595 1432 classis
604 1389 674 1444 aquis.

124 1466 184 1507 'Haec
193 1463 309 1505 hominum
320 1473 464 1505 monumenta
472 1473 557 1518 patent:
567 1462 584 1504 si
593 1463 691 1518 queritis
701 1474 776 1518 astra,

166 1539 227 1579 Tunc
236 1536 305 1580 oritur
314 1535 387 1593 magni
396 1549 478 1592 prepes
488 1537 573 1578 adunca
580 1535 646 1578 iovis.

138 1686 234 1726 Possm
242 1683 280 1726 lux
288 1683 383 1740 Hyadas,
394 1682 492 1727 Taurinae
501 1695 583 1724 cornua
592 1681 684 1733 frontis,

164 1760 255 1807 Evocat3
265 1765 287 1797 et
295 1755 366 1799 multa
376 1766 432 1797 terra
444 1755 547 1798 madescit
555 1768 619 1809 aqua.

136 1833 199 1874 Mane
209 1830 247 1871 ubi
257 1828 290 1870 bis
299 1826 375 1878 fuerit,
384 1827 518 1883 Phoebusque
527 1825 635 1869 iteraverit
644 1836 722 1883 ortus,

165 1904 271 1957 Factaque
279 1900 321 1942 erit
328 1901 398 1956 posito
408 1913 456 1942 rore
466 1899 499 1941 bis
508 1899 552 1941 uda
560 1912 629 1953 ημᾶς

137 1981 180 2021 flac
189 1986 271 2019 sacrata
280 1975 315 2018 die
323 1977 392 2018 Tusco
401 1975 488 2017 Bellona
497 1973 569 2018 duello

164 2047 258 2089 Dicitur:
268 2057 289 2089 et
297 2046 356 2090 Latio
365 2059 467 2102 prospera
476 2059 561 2102 semper
569 2046 636 2087 adest.

136 2120 217 2177 Appius
225 2129 257 2161 est
266 2128 354 2162 auctor:
363 2119 444 2175 Pyrrho
453 2119 491 2175 qui
501 2132 553 2174 pace
563 2127 641 2174 negata

162 2193 257 2238 stultum
267 2192 340 2234 auimo
350 2192 413 2245 vidit5
424 2192 508 2235 lumine
516 2202 592 2249 captus
601 2200 655 2237 crat.
