1650 2584
86 194 107 223 r.
118 182 169 235 4¹⁰·
342 173 442 224 muru
459 183 475 224 1.
684 189 723 238 ¹⁵9

115 268 240 325 Impediunt
250 278 332 312 teneros
341 270 427 312 vincula
437 270 496 313 uuile
505 271 575 327 pedes.

87 342 141 384 Hine
150 341 196 384 aliur
206 343 284 399 Satyris
293 343 391 385 incendia
402 344 463 386 mitia
472 346 578 399 prtebeut:

118 419 167 459 Pars
177 417 227 467 tibi,
237 418 274 473 qui
285 418 338 474 pinu
348 427 447 474 tempora
457 432 511 461 uera
520 419 581 476 geris.

118 561 220 617 Nequitia
229 571 271 610 est,
281 575 329 616 quae
339 572 359 604 te
369 575 412 604 non
422 562 473 605 sinit
481 577 525 605 esse
534 578 614 606 senem.

90 637 116 676 At
126 634 203 684 ruber,
212 634 326 675 hortorum
336 633 401 675 decus
411 643 432 676 et
442 634 519 686 tutela,
529 636 616 692 Priapus

120 709 226 754 Omnibus
236 722 261 750 er
269 708 310 750 iilis
319 709 392 751 Lotide
401 718 477 764 captus
486 718 537 751 erut.
554 693 556 698 ⁴

92 785 151 825 Hauc
160 783 231 839 cupit,
241 783 297 825 hanc
306 793 379 839 optat:
389 784 435 826 sola
444 784 537 839 suspirat
546 784 569 827 iu
577 784 624 828 ille:

122 857 229 912 Signaque
237 857 274 898 dat
282 866 349 907 nutu,
358 857 502 912 sollicitatque
510 858 573 900 notis.

94 933 170 973 Festus
180 930 235 972 inest
243 930 349 987 pulchris,
359 931 498 986 sequiturque
507 932 607 987 superbia
615 932 720 977 formum:

121 1004 212 1045 Irrisum
222 1002 283 1045 vultu
292 1002 381 1058 despicit
389 1002 426 1045 illa
435 1017 483 1045 suo.

93 1079 143 1120 Nox
152 1086 210 1119 orat:
221 1086 254 1127 et,
264 1077 314 1119 vino
323 1091 426 1119 somnum
437 1077 539 1130 faciente,
546 1077 649 1134 jacebunt

124 1154 219 1207 Corpora
228 1151 315 1194 diversis
324 1152 380 1194 victu
389 1159 466 1208 sopore
476 1151 534 1194 loeis.

61 1229 64 1236 '
95 1227 153 1269 Lotis
161 1227 185 1268 in
194 1226 296 1274 herbosa.
306 1226 347 1268 sub
356 1226 439 1269 acernis
449 1224 526 1268 ultima
535 1226 612 1279 ramis,

125 1299 186 1341 Sicut
194 1307 240 1340 erat
249 1298 298 1341 lusu
308 1297 374 1348 fessa,
386 1297 468 1354 quierit
476 1298 553 1341 humo.

96 1373 169 1429 Surgit
178 1386 254 1414 amans
263 1389 268 1413 :
278 1372 418 1429 animamque
428 1380 513 1420 tenens,
523 1371 609 1428 vestigia
618 1372 694 1416 furtim

127 1449 234 1502 Suspenso
243 1445 315 1501 digitis
325 1444 366 1487 ferr
376 1445 483 1487 taciturne
492 1445 566 1500 gradu.
591 1487 594 1492 ζ

95 1523 124 1564 Ut
134 1520 203 1576 tetigit
211 1519 278 1560 niveae
287 1528 367 1560 secretu
376 1517 456 1560 cubilia
465 1518 581 1575 Nymphae,

128 1598 175 1651 Ipsa
185 1592 219 1636 sui
229 1592 293 1635 flatus
302 1606 329 1634 ne
338 1601 399 1634 sonet
408 1605 473 1642 nura,
482 1602 549 1635 cavet.

98 1672 125 1714 Et
131 1669 178 1726 jam
190 1667 284 1711 finitima
293 1681 370 1723 corpus
379 1666 472 1709 librabat
481 1667 503 1708 iu
513 1667 590 1709 herba:
665 1688 668 1692 ν

129 1745 168 1787 111³
178 1754 252 1787 tumen
261 1743 325 1785 multi
334 1742 397 1799 plena
406 1742 489 1798 soporis
498 1751 550 1784 erut.

100 1819 198 1863 Gaudet:
209 1826 242 1868 et,
251 1831 264 1859 a
273 1818 364 1873 pedibus
373 1826 442 1859 tracto
451 1815 568 1868 velamine,
578 1825 627 1860 vota

130 1894 163 1936 dd
171 1905 211 1934 sua
221 1890 277 1933 felici
287 1900 379 1947 creperet
388 1890 419 1932 ire
428 1890 468 1931 ria.

101 1968 156 2009 Eece
167 1964 246 2007 rudens
256 1976 321 2005 reuco
331 1963 395 2005 Sileni
405 1971 476 2005 vector
484 1961 561 2004 asellus

132 2037 297 2093 Intempestivos
306 2036 373 2079 edidit
381 2049 418 2078 ore
427 2048 497 2078 sonos.

101 2113 187 2158 Territa
197 2124 327 2166 consurgens
337 2109 437 2167 Nympho
446 2107 589 2164 manibusque
598 2108 700 2165 Priapum

134 2184 222 2242 dejicit,
231 2194 252 2226 et
262 2183 346 2239 fugiens
355 2182 449 2225 concitat
458 2193 523 2223 omne
532 2193 616 2222 nemus.

642 2264 649 2291 r
657 2264 675 2292 1.
