1650 2584
34 148 112 199 v.157.
272 144 374 187 LIBER
391 146 441 189 111.
649 152 675 202 75

35 233 104 276 Talem
115 243 135 277 te
144 233 256 284 Bacchus,
266 213 349 289 Satyris
359 232 503 277 clamantibus
512 238 580 289 Evoe,

62 307 152 350 Sustulit
162 308 186 349 in
196 320 289 357 currus,
299 305 365 349 Gnosi
375 305 459 357 relicta,
469 321 526 349 suos.

38 380 61 421 0!
70 390 182 436 quantum
191 379 293 436 indulget
303 388 374 420 vestro
384 381 465 421 Natura
475 380 558 430 decori,

61 455 161 509 Quarum
172 464 225 496 sunt
235 453 314 495 multis
324 452 403 494 damna
413 453 492 509 pianda
503 454 584 496 modis!

37 527 77 569 llos
86 528 144 569 male
154 528 289 583 detegimur,
300 526 398 581 raptique
408 537 469 569 aetate
479 528 562 584 capilli,

61 604 89 645 Ut
97 605 166 645 Borea
175 602 266 644 frondes
276 603 408 653 excutiente,
419 603 505 645 cadunt.

37 676 122 719 Femina
131 677 238 719 canitiem
248 676 362 719 Germanis
371 675 440 718 inficit
449 677 533 728 herbis;

63 752 88 793 Et
97 750 176 793 melior
186 765 237 792 vero
246 749 354 806 quaeritur
362 760 407 792 arte
418 750 483 792 color.

37 825 121 867 Femina
131 825 232 880 procedit
242 823 369 866 densissima
377 824 474 867 crinibus
483 825 558 877 emtie5

63 902 146 956 Proque
156 900 201 942 suis
212 899 265 941 alios
275 897 343 941 eflicit
352 913 392 941 aere
402 913 461 953 suos.

38 974 79 1017 Nec
88 976 158 1017 rubor
166 985 199 1017 est
208 975 286 1016 emisse
295 973 375 1029 palam.
387 974 464 1015 Venire
474 974 571 1016 videmus
608 1026 614 1043 ‚

63 1048 160 1090 herculis
170 1047 318 1096 antepositos,
328 1047 499 1103 virgineumque
508 1049 608 1091 chorum.

38 1120 91 1177 Quid
100 1122 127 1163 de
137 1131 196 1163 veste
206 1120 295 1175 loquar?
304 1134 344 1161 nec
354 1134 402 1167 vos,
412 1130 534 1175 segmenta,
544 1121 642 1177 requiro;

64 1197 107 1238 Nec
116 1210 167 1252 quae
177 1196 211 1237 bis
220 1196 284 1253 Tyrio
295 1194 378 1237 murice
387 1195 436 1237 lana
447 1196 517 1237 rubes.

39 1267 107 1324 Quum
119 1278 152 1310 tot
163 1268 282 1324 prodierint
291 1268 360 1323 pretio
370 1267 449 1309 leviore
459 1267 551 1319 colores;

64 1342 115 1398 Quis
126 1341 190 1383 furor
200 1351 241 1389 est,
251 1355 328 1384 census
338 1355 427 1397 corpore
437 1341 493 1383 ferre
502 1347 554 1383 suol

40 1415 93 1457 heris
101 1430 152 1458 eece
161 1414 228 1465 color,
238 1425 287 1457 turn
296 1429 366 1469 quum
377 1414 423 1456 sine
433 1415 528 1456 nubibus
537 1429 580 1466 aer,

66 1488 109 1529 Nec
120 1488 206 1543 tepidus
216 1487 299 1544 pluvias
310 1487 405 1530 concitat
414 1490 490 1529 deuter
499 1500 573 1541 aquas.

42 1560 88 1603 Ecce
98 1562 138 1604 tihi
148 1562 237 1612 sirnilis¹
247 1563 285 1617 qui
295 1562 407 1617 quondam
418 1561 516 1617 Phryxou
525 1570 547 1602 et
556 1559 628 1603 Hellen

66 1636 144 1679 Diceris
154 1637 211 1678 lnois
220 1635 323 1691 eripuisse
332 1636 394 1678 dolis.

42 1707 75 1751 liic
83 1712 152 1753 undas
162 1711 273 1759 imitatus,
283 1711 349 1752 hahet
358 1722 446 1764 quoque
454 1723 536 1751 nomen
545 1710 573 1751 ab
583 1710 661 1752 undis:

67 1783 197 1826 Crediderim
209 1784 322 1841 Nymphas
332 1784 372 1825 hac
382 1798 422 1839 ego
431 1794 487 1826 veste
498 1784 546 1839 tegi.

43 1853 75 1898 llle
83 1872 171 1900 crocum
180 1858 284 1901 simulat:
295 1872 371 1900 croceo
381 1858 465 1900 velatur
473 1859 566 1909 amictu,

67 1931 154 1974 Roscida
163 1931 266 1974 luciferos
275 1945 347 1987 quum
356 1932 398 1972 Dea
404 1930 480 1986 jungit
488 1944 561 1986 equos.

43 2001 78 2044 llic
86 2006 172 2060 Paphias
182 2015 279 2062 myrtos:
290 2004 325 2046 hic
335 2017 456 2060 purpureas
464 2006 608 2062 amethystos,

68 2075 190 2120 Albentesve
200 2091 271 2127 rosas.
281 2076 431 2118 Threiciamve
441 2090 524 2132 gruem.

45 2147 83 2191 Nee
92 2150 189 2208 glandes,
198 2149 317 2208 Amaryllh
328 2159 382 2202 tuae,
391 2162 431 2191 nec
441 2149 555 2206 amygdala
563 2151 655 2203 desum:
