1650 2584
117 168 159 210 su
345 164 528 208 risronnu
675 164 766 219 mres.

144 254 210 303 Arsit,
219 262 240 296 et
249 262 281 296 est
289 253 359 311 adytis
367 254 447 296 obruta
456 266 516 309 pane
525 252 580 295 suis!

115 328 244 384 flagrabant
252 327 320 370 sancti
329 326 437 369 sceleratis
446 326 532 382 ignibus
542 325 613 381 ignem

145 400 252 455 Mixtaque
260 408 305 442 erat
315 398 409 441 llammae
419 398 510 441 flamma
519 397 611 454 profana
620 397 670 454 pie.

115 475 215 518 Attonicae
225 473 317 521 flebant,
326 473 420 515 demisso
429 473 499 524 crine,
508 472 612 515 ministre
621 486 627 512 :

144 546 266 590 Abstulerat
276 547 330 588 vires
339 546 435 602 corporis
445 546 490 601 ipse
500 545 572 588 timor.

115 620 213 663 Provolat
222 621 245 662 in
254 621 363 668 medium.
373 630 395 662 et
405 633 496 676 magna,
508 637 519 659 ιι
526 619 663 672 Succurrite‚
674 634 746 673 voce,

143 697 193 736 Non
202 704 233 736 cst
242 693 347 736 auxilium
358 693 419 743 llere,
429 693 526 736 Metellus
536 693 573 736 ait.

114 768 205 823 Pignora
214 765 312 822 virgineis
322 764 395 809 fatalia
405 764 474 808 tollite
483 764 573 821 palmis:

88 890 91 895 ⁵
143 841 193 881 Non
202 853 227 880 ea
236 848 287 880 sunt
297 847 356 888 voto,
366 840 403 880 sed
413 837 516 893 rapienda
526 850 601 879 manu.

114 913 149 954 Me
157 910 273 952 miserum!
284 910 399 953 dubitatis?
408 911 465 953 ait.»
475 910 578 953 Dubitare
587 909 694 965 ridebat,

97 991 100 997 '
143 987 167 1029 Et
177 984 262 1040 pavidas
272 983 341 1040 posito
350 983 490 1039 procubuisse
500 996 563 1039 genu.

114 1058 188 1101 Haurit
197 1071 274 1112 aquas;
285 1056 402 1111 tollensque
412 1070 502 1108 manus,
512 1056 647 1112 «ignoscite,
657 1059 731 1110 dixit,

144 1133 219 1174 Sacra:
230 1131 261 1171 vir
270 1130 356 1172 intrabo
366 1143 410 1171 non
420 1130 520 1171 adeunda
529 1128 582 1171 viro.

114 1205 135 1249 Si
145 1205 213 1248 scelus
222 1214 264 1254 est,
274 1204 296 1245 in
305 1217 340 1245 me
350 1203 461 1246 commissi
471 1217 533 1259 poenn
544 1204 666 1247 redundet:

143 1278 174 1320 Sit
183 1276 257 1332 capitis
266 1277 346 1319 damno
355 1279 423 1319 ltoma
432 1276 504 1320 soluta
515 1276 564 1318 mei.
572 1293 584 1314 o

89 1383 91 1388 -
114 1351 181 1400 Dixit,
190 1359 212 1392 et
221 1347 310 1405 irrupit:
321 1348 406 1391 iactum
416 1351 457 1391 Dea
468 1358 529 1405 rapte
539 1349 653 1405 probavit;

143 1424 291 1479 Pontificisque
300 1423 334 1465 sui
343 1437 434 1466 munere
444 1433 492 1466 tuta
502 1423 551 1466 tuit.

116 1501 180 1542 Nunc
190 1499 243 1540 bene
253 1496 338 1547 lucetis,
347 1510 424 1549 sacra,
433 1497 475 1539 suh
485 1498 576 1545 Caesare,
587 1496 702 1542 llammae:

145 1570 200 1626 lqnis
210 1569 232 1611 in
242 1568 308 1610 lliacis
317 1582 375 1610 nunc
385 1568 438 1619 erit,
447 1578 532 1624 estque,
542 1567 602 1610 focis.

115 1644 223 1700 Nullaque
232 1643 313 1685 dicetur
322 1643 386 1686 vittis
395 1654 510 1686 temerasse
519 1644 619 1685 sacerdos

146 1722 189 1762 lloc
199 1719 261 1768 duee;
272 1732 310 1760 nec
320 1718 367 1760 viva
376 1718 500 1761 defodietur
509 1718 585 1760 humo.

117 1793 150 1835 Sic
160 1793 240 1833 incesta
249 1791 302 1845 perit
310 1824 315 1841 ‚
324 1791 375 1846 quia
385 1804 452 1845 quam
461 1791 558 1842 violavit,
568 1790 591 1832 in
600 1790 664 1833 illam

144 1863 258 1906 Conditor:
268 1873 290 1904 et
299 1863 369 1905 Tellus
379 1864 486 1918 Vestaque
496 1877 578 1906 numen
587 1863 647 1906 idem
657 1877 700 1909 eet.

115 1938 173 1978 'lum
182 1934 223 1974 sibi
232 1932 321 1977 Cillaico
330 1937 408 1978 Brutus
417 1949 538 1991 cognomen
547 1936 570 1978 in
579 1936 642 1979 hoste

145 2006 213 2054 Fecit,
223 2016 244 2047 et
251 2007 368 2062 llispanam
377 2009 482 2064 sanguine
492 2009 555 2052 tinxit
563 2009 669 2053 humum.

115 2076 198 2120 Scilicet
207 2076 313 2119 interdum
323 2081 442 2123 miscentur
451 2082 520 2125 tristia
530 2083 595 2134 laetis,

144 2151 176 2190 Ne
185 2149 289 2207 populum
300 2161 345 2195 toto
354 2163 441 2210 pectore
451 2154 505 2199 festa
510 2155 597 2212 juvent.
