1650 2584
56 189 138 241 v.5ll9.
294 185 396 226 LIBER
415 184 462 226 Ill.
667 198 693 240 9¹

54 273 128 316 Ponite
133 274 183 330 jam
192 273 275 330 gladios
284 273 384 322 hebetes;
394 282 504 328 pugnetur
511 273 586 317 acutis.

83 350 127 390 Nec
137 348 227 399 dubito,
237 347 286 391 telis
295 347 350 403 quin
360 357 420 403 petar
430 348 474 403 ipse
483 347 543 390 meit.

55 423 109 464 Dum
119 423 178 466 eadit
186 423 209 465 in
219 422 309 478 laqueos
319 430 395 477 eaptus
403 435 491 477 quoque
500 435 570 478 nuper
578 432 673 474 amatum

83 495 159 537 Solum
168 509 190 537 se
201 495 309 537 thalamos
318 504 388 549 speret
398 494 477 536 hahere
487 504 542 545 tuos.

54 570 169 611 Postmodo
179 568 280 618 rivalem,
290 567 413 623 partitaque
423 566 503 610 foedera
511 567 560 611 lecti

82 641 170 684 Sentiat.
182 642 223 683 llas
232 651 290 683 artes
301 639 362 690 tolle;
372 650 467 699 senesoet
475 653 545 683 amor.

55 714 108 755 Tum
118 715 174 755 bene
184 712 246 756 fortis
256 728 325 769 equus
336 723 429 755 reserato
438 728 522 756 earcere
532 714 611 766 currit,

81 789 167 845 Quum,
177 802 233 844 quos
242 797 365 843 praetereat.
374 801 472 843 quosque
481 799 591 843 sequatur,
600 790 674 833 habet.

56 860 178 916 Quamlibet
187 862 305 903 exstinctos
313 859 394 916 injuria
403 860 491 904 suscitat
500 861 566 917 ignes.

83 936 112 977 En
122 948 174 990 ego,
183 934 297 982 confiteor,
306 947 352 975 non
361 933 401 976 nisi
411 933 472 977 lesus
482 949 539 977 amo.

53 1008 119 1049 Causa
130 1017 204 1049 tamen
213 1006 310 1048 nimium
319 1007 401 1047 nonsit
410 1005 524 1049 manifesta
533 1005 623 1059 dolorie;

83 1080 188 1137 Pluraque
197 1079 315 1130 sollicitus,
325 1069 392 1135 quam
401 1080 465 1131 sciat,
474 1094 519 1122 esse
528 1090 596 1137 putet.

55 1153 129 1195 lacitet
138 1163 159 1196 et
169 1152 215 1195 ficti
227 1151 293 1195 tristis
302 1152 399 1193 custodia
409 1152 476 1203 servi,

82 1226 105 1267 Et
115 1225 211 1267 nimium
221 1224 272 1267 duri
282 1237 335 1265 eura
345 1223 435 1272 molesta
444 1224 490 1267 viri.

56 1298 103 1353 Quae
112 1298 171 1340 venit
181 1311 206 1339 ex
217 1307 277 1346 tuto,
287 1296 360 1338 minus
369 1307 401 1338 est
409 1307 497 1353 accepta
505 1298 616 1355 voluptas.

81 1374 107 1415 tt
115 1373 143 1415 sis
153 1372 242 1413 liberior
250 1371 342 1422 Thaide,
353 1371 409 1428 linge
419 1381 497 1416 metus.

56 1446 124 1502 Quum
135 1444 215 1488 melius
225 1443 310 1487 foribus
319 1445 397 1500 possis,
406 1446 497 1489 admitte
507 1445 613 1491 fenestra:

82 1521 147 1574 Inque
158 1529 197 1561 tuo
207 1517 270 1560 vultu
279 1516 340 1572 signa
350 1518 445 1561 timentis
454 1519 517 1562 habe.

56 1590 129 1633 Callida
140 1590 251 1647 prosiliat,
261 1590 361 1646 dicatque
370 1590 459 1640 ancilla,
468 1591 578 1634 Perimus:

82 1673 112 1713 Tu
119 1667 226 1723 juvenem
238 1666 347 1722 trepidum
356 1667 455 1722 quolibet
463 1667 518 1709 abde
527 1666 582 1710 loco.

56 1741 193 1784 Admiscenda
205 1751 278 1784 tamen
290 1741 362 1782 Venus
372 1750 403 1782 est
412 1754 487 1783 secura
498 1740 581 1792 timori;
640 1745 643 1755 ’

79 1817 110 1857 Ne
119 1815 175 1858 tanti
185 1824 260 1856 noctes
270 1827 314 1855 nou
324 1823 385 1869 putet
395 1827 439 1855 esse
449 1823 503 1856 tuas.

55 1888 97 1945 Qua
107 1888 235 1932 intercludi
244 1887 312 1943 possit
321 1888 404 1930 ratione
414 1889 516 1939 maritus,

79 1963 170 2018 Quaque
179 1961 229 2018 vigil
239 1972 322 2010 custos,
333 1961 480 2016 praeteriturus
489 1975 555 2003 eram.

54 2033 123 2089 Nupta
133 2034 204 2076 virum
216 2034 305 2077 timeat:
316 2044 362 2076 rata
372 2034 399 2076 sit
408 2034 505 2077 custodia
516 2043 594 2089 nuptu.

80 2111 122 2150 lloe
131 2110 205 2153 decet:
215 2110 257 2151 hoc
267 2108 409 2164 legesjusque
419 2107 622 2165 pudorquejubent.

53 2183 80 2225 Te
88 2196 175 2239 quoque
184 2182 276 2235 serrari,
287 2183 353 2225 modo
362 2196 430 2238 quam
440 2183 533 2226 vindicta
542 2181 644 2231 redemit,
