1650 2584
38 164 63 192 v.
77 151 129 192 20⁵.
284 149 383 191 arnan
400 151 443 192 vr.
642 152 683 205 329

39 236 151 293 Prospicit
161 251 174 278 a
185 235 266 292 templo
275 250 389 280 summum
397 237 467 279 brevis
476 251 527 280 area
534 239 632 282 Circum:

74 314 112 355 Est
121 311 152 353 ibi
162 324 206 353 non
215 325 285 367 parva
295 325 359 367 parva
371 312 474 354 columna
484 323 547 356 norae.

42 387 102 430 Hinc
114 385 169 427 solet
178 385 240 428 haste
249 399 328 436 manu,
339 385 390 428 beili
399 387 532 442 praenuntia,
542 386 610 438 mitti3

76 462 102 502 In
113 472 186 515 regern
196 468 217 501 et
225 469 298 514 gentes
306 474 377 515 quurn
386 459 456 515 piacet
464 474 526 503 arma
535 462 590 517 oapi.

42 532 120 577 Altera
129 545 179 587 pars
188 531 243 574 Circi
252 532 340 574 custode
349 533 390 575 sub
401 533 490 576 Hercule
499 543 545 576 tutu
555 542 599 576 est:

77 607 143 664 Quod
151 608 206 649 neus
215 606 311 649 Euboico
320 607 417 649 carmine
426 621 508 650 munus
516 608 587 651 habea

45 680 147 724 Muneris
156 690 188 723 est
197 689 293 735 tempus,
303 680 341 734 qui
352 682 425 722 Nonas
434 679 520 723 Lucifer
528 692 577 724 anre
586 690 629 724 est:

78 752 99 794 si
110 751 184 795 titulos
192 751 280 808 quoeris,
290 751 347 809 Sylla
356 752 456 808 probavit
465 766 527 808 opus.

46 905 178 961 Qunam
186 901 261 941 Nonas
270 901 338 942 Sanco
348 899 436 942 Fidione
446 898 560 951 referrem,

77 976 111 1016 An
121 971 170 1021 tihi,
180 974 244 1015 Semo
253 982 323 1028 pater3
333 985 404 1028 quum
415 972 469 1014 mihi
479 974 560 1015 Sancus
569 972 613 1015 ait:

46 1066 59 1087 «
69 1046 196 1100 Cuicunque
204 1060 230 1088 er
238 1045 279 1087 iliis
288 1045 382 1096 dederis,
392 1059 432 1100 ego
442 1056 524 1088 munus
533 1046 626 1088 habebo.

76 1119 173 1161 Nomina
182 1119 239 1161 trina
247 1118 293 1161 iero
302 1136 307 1160 z
318 1119 348 1161 sic
357 1118 446 1161 voiuere
454 1120 529 1161 Cures.
536 1136 547 1157 »

46 1196 112 1237 Eune
121 1191 187 1247 igitur
196 1201 275 1234 veteres
284 1191 394 1233 donarunt
402 1192 447 1233 aede
456 1191 542 1233 Sabini:

79 1270 146 1322 Inque
155 1266 260 1323 Quirinali
269 1267 400 1310 constituere
406 1265 468 1322 jugo.

46 1346 85 1387 Est
95 1341 149 1383 mihi
159 1340 254 1396 (sitque,
263 1354 349 1396 precor,
359 1341 438 1383 nostrie
447 1340 573 1383 diuturnior
582 1339 660 1394 annis)

79 1416 144 1458 Filia:
154 1429 197 1470 qua
208 1413 257 1455 felix
266 1415 345 1470 sospite
353 1428 438 1469 semper
447 1428 491 1456 ero.

50 1494 109 1534 ilaue
119 1503 158 1545 ego
167 1502 237 1543 quum
247 1487 323 1529 reilem
334 1500 411 1544 genero
421 1487 483 1537 dare,
493 1497 592 1542 tempora
601 1486 660 1530 tenir

78 1567 132 1620 epu
143 1562 290 1619 requirebam.
300 1575 391 1617 quaeque
400 1562 495 1603 cavenda
505 1560 583 1604 forent.

49 1642 106 1685 Tum
117 1637 171 1681 mihi
180 1646 228 1693 post
238 1649 307 1677 sacras
317 1644 452 1678 monstratur
459 1635 537 1678 Juniue
546 1635 596 1678 ldue

78 1710 140 1753 Utiiis
149 1718 171 1751 et
180 1707 265 1764 nuptis,
275 1708 333 1750 utilis
343 1721 388 1749 esse
398 1707 458 1758 viris;

47 1784 163 1837 Primaque
174 1794 222 1836 pare
231 1779 297 1836 hujus
308 1779 409 1822 thalamis
419 1779 489 1822 aliena
498 1790 581 1836 repertu
590 1790 633 1833 esu

78 1860 135 1899 Nam
146 1854 199 1897 mihi
209 1855 239 1896 sic
249 1853 329 1910 conjux
338 1864 413 1896 sancta
421 1853 486 1895 Dialia
495 1854 538 1896 ait:

48 1934 138 1974 «Donec
148 1930 176 1970 ab
187 1928 249 1971 liiaca
257 1927 353 1984 placidus
363 1927 492 1983 purgamina
503 1927 566 1970 Vesta

77 2003 181 2048 Detulerir
190 2002 250 2045 flavis
259 2002 282 2044 in
295 2016 354 2044 mure
363 2001 433 2043 Tibris
442 2000 516 2055 aquie;

46 2083 99 2125 Non
109 2077 163 2120 mihi
173 2077 273 2120 detonsos
282 2076 352 2119 crines
361 2076 472 2131 depectere
482 2076 552 2128 buxo,

77 2153 130 2196 Non
139 2163 222 2206 unguet
231 2148 288 2193 ferro
297 2146 431 2193 subsecuisse
439 2147 502 2190 licet:
