1650 2584
139 204 182 246 336
367 201 550 243 Fasronnn
699 215 721 243 v.
734 204 784 256 3⁸7.

138 309 150 331 a
158 290 251 346 Surgite,
261 289 315 332 etin
325 289 409 331 medios
420 290 446 331 de
456 288 549 330 summis
558 288 646 331 arcibus
655 288 735 334 hostes

167 363 255 413 Mittite,
264 376 331 418 quam
342 362 434 404 minime
443 363 530 418 perdere
540 361 616 409 vultis,
626 375 703 418 opem.
711 381 724 403 a

138 444 232 486 Somnus
241 441 297 490 abit,
307 447 450 495 quaeruntque
460 439 520 480 novis
530 438 661 494 ambagibus
671 439 731 492 acti,

168 516 255 560 Perdere
264 527 331 570 quam
341 513 423 562 nolint,
433 523 454 555 ct
459 512 588 568 jubeantur,
598 526 674 569 opem.

142 590 204 637 nme,
214 589 275 629 Ceres
285 586 329 628 visa
338 595 370 628 est
377 600 382 624 ι
389 584 476 641 jaciunt
484 583 577 627 Cerealia
587 585 661 627 dona:

169 664 230 704 lacta
238 674 303 716 super
312 660 382 716 galeas
391 669 495 715 scutaque
505 658 568 713 longa
577 668 666 701 sonant

141 737 203 778 Posse
212 733 270 776 fame
280 734 335 775 vinci
348 748 395 789 spes
404 731 489 775 excidit.
500 734 563 775 Hoste
573 730 662 788 repulso

169 808 265 851 Candida
274 807 348 850 Pistori
358 806 447 863 ponitur
457 819 495 847 ara
502 805 556 846 lovi.

141 955 212 1000 ron·
222 957 342 999 revertebar
351 954 410 997 iestis
420 953 542 997 Vestalibus
551 951 613 1002 illac,

169 1031 217 1085 Qua
228 1031 288 1071 Nova
296 1032 394 1071 Romano
403 1041 463 1069 nunc
473 1026 513 1069 Via
519 1025 598 1085 juncta
607 1025 667 1068 Foro
676 1037 721 1071 est.

143 1106 187 1148 nuc
197 1104 250 1161 pede
260 1113 384 1146 matronam
393 1102 436 1144 vidi
447 1101 574 1144 descendere
584 1101 660 1143 nudo:

170 1179 287 1234 Obstupui;
298 1178 375 1220 tacitus
384 1176 520 1232 sustinuique
530 1176 630 1231 gradum.

143 1251 211 1294 Sensit
221 1264 277 1292 anus
287 1249 355 1292 vicina
365 1249 419 1292 loci:
428 1247 560 1305 jussumque
568 1248 643 1290 sedere

169 1323 305 1379 Adloquitur,
315 1323 426 1379 quatiens,
436 1336 487 1364 voce
497 1331 613 1372 tremente,
624 1333 708 1379 ceput.

146 1400 215 1449 siloc,
225 1397 263 1440 uhi
274 1411 332 1440 nunc
343 1396 462 1447 incusum,
472 1396 520 1438 udae
530 1406 618 1437 tenuere
627 1394 745 1450 paludes:

170 1479 239 1518 Amne
249 1474 373 1516 redundatis
383 1472 440 1515 fossa
449 1472 551 1514 madebat
560 1470 630 1525 aquis.

145 1548 229 1592 Curtius
237 1547 272 1591 ille
282 1547 353 1597 lacus,
362 1546 430 1588 siccas
438 1545 475 1601 qui
485 1543 577 1587 sustinet
585 1557 648 1594 aras,

175 1623 236 1665 llunc
245 1620 312 1664 solida
322 1629 353 1662 est
363 1619 437 1670 tellus,
446 1619 483 1661 sed
493 1617 552 1660 lacus
561 1626 611 1660 ante
623 1615 676 1660 luit.

144 1698 194 1753 Qua
199 1696 292 1739 Velabra
300 1694 371 1737 solent
379 1695 402 1736 in
410 1693 498 1737 Circum
507 1693 586 1734 ducere
595 1704 708 1748 pompas,

175 1768 213 1812 Nil
217 1778 294 1824 preter
302 1767 376 1810 salices
385 1780 487 1822 cassaque
496 1778 566 1809 canna
576 1763 627 1806 fuit.

149 1844 208 1898 Saepe
214 1842 353 1885 suburbanas
362 1842 447 1884 rediens
456 1840 545 1883 conviva
554 1853 593 1896 per
602 1840 678 1882 undas

176 1918 262 1966 canat,
271 1917 329 1959 etad
338 1926 417 1959 nautas
426 1915 487 1958 ebria
496 1916 561 1957 rerba
566 1913 629 1970 jacit.

148 1989 251 2030 Nondum
260 1991 389 2032 conveniens
398 1989 487 2032 diversis
496 1990 536 2032 iste
546 1988 621 2045 figuris

178 2062 262 2107 Nomen
271 2064 299 2105 ah
308 2077 383 2106 averso
391 2074 478 2120 ceperat
487 2078 553 2106 amne
562 2065 626 2105 Deus.

149 2136 186 2176 llic
194 2148 279 2191 qunque
288 2136 350 2180 lucus
359 2148 417 2189 erat,
424 2139 499 2195 juncis
508 2148 530 2182 et
539 2138 648 2181 arundine
657 2138 757 2193 densus,

177 2210 202 2250 Et
211 2210 262 2264 pede
271 2210 341 2254 velato
350 2226 395 2255 non
404 2213 506 2256 adeunda
514 2212 584 2270 palus.
