1650 2584
108 193 147 233 158
333 189 516 232 resroaun
659 191 744 245 caan.

132 278 303 335 Lanigerumque
312 292 388 334 pecus,
399 277 539 333 ruricoioeqne
549 278 624 320 bovesi

102 351 174 394 Piacat
182 366 238 407 equo
248 352 314 393 Persis
323 351 388 393 radiis
398 350 519 408 Hyperiona
527 350 635 403 cinctum,

131 427 164 467 Ne
173 426 237 467 detur
245 425 307 467 celeri
318 424 404 467 victima
414 425 475 466 tarda
485 426 534 466 Deo.

102 500 165 556 Quod
174 497 240 540 semei
249 508 281 540 est
290 496 367 553 triplici
378 510 417 552 pro
428 496 509 552 virgine
518 510 571 539 caesa
580 496 662 549 Dianae,

130 574 194 615 Nunc
202 586 289 629 quoque
298 585 337 627 pro
348 570 407 613 nulia
417 571 498 627 virgine
507 585 569 615 cerva
577 573 642 614 cudit.

100 649 153 689 Exta
161 659 241 689 canum
251 644 294 686 vidi
303 644 377 686 Triviae
387 643 455 685 libare
464 646 558 699 Sapaeos,

128 722 154 762 Et
163 720 287 774 quicunque
297 727 345 759 tuas
354 716 442 769 accolit,
452 719 535 770 Haeme,
544 718 611 761 nives.

99 794 192 837 Creditur
201 803 222 836 er
232 793 300 848 rigido
309 792 393 835 custodi
403 792 460 835 ruris
468 791 546 835 asellus
554 809 559 833 :

127 869 196 912 Causa
205 868 306 924 pudenda
314 867 403 922 quidem
413 877 455 919 est,
465 866 516 910 huic
527 877 600 910 tamen
609 876 660 924 apta
668 870 719 912 [ico.

98 1015 166 1056 Frsra
176 1011 315 1069 corymbiferi
324 1011 459 1062 celebrabas,
468 1012 559 1064 Gracia,
567 1012 655 1066 Bacchi,

127 1088 199 1131 Tertia
207 1101 255 1142 quae
264 1086 327 1129 solito
339 1096 437 1143 tempore
446 1087 526 1130 bruma
535 1086 606 1130 refert.

99 1165 124 1206 m
133 1176 220 1220 quoque
229 1160 322 1204 cultores
332 1162 395 1217 gelidi
404 1176 481 1205 venere
489 1161 568 1219 Lycaei,

127 1237 154 1278 Et
161 1234 285 1290 quicunque
291 1233 337 1290 joci
346 1247 390 1276 non
400 1234 483 1276 alienus
493 1243 552 1277 crat:

98 1310 177 1358 Panes,
187 1317 209 1349 et
218 1307 241 1348 in
249 1308 355 1349 Venerem
365 1308 491 1363 Satyrorum
501 1320 570 1363 prona
576 1305 692 1362 juventn25

127 1380 222 1437 Quaeque
231 1377 306 1420 colunt
314 1391 400 1428 amnes,
410 1377 499 1435 solaque
508 1392 571 1431 rure,
580 1379 633 1422 Deae.

98 1454 193 1495 Venerat
201 1462 223 1494 et
231 1451 302 1493 senior
311 1451 383 1508 pando
392 1451 476 1493 Silenus
485 1451 560 1502 asello,

126 1527 210 1585 Quique
219 1526 286 1568 rubro
296 1525 382 1582 pavidas
391 1525 480 1581 inguine
490 1535 554 1569 terret
563 1540 619 1570 ares.

97 1601 172 1643 Dulcia
180 1601 218 1658 qui
227 1601 318 1655 dignum
327 1613 405 1642 nemus
414 1599 438 1642 in
448 1600 545 1643 convivia
554 1602 611 1647 nacti

127 1674 228 1717 Gramine
237 1673 318 1715 vestitis
325 1673 447 1715 accubuere
457 1673 516 1716 toris.

96 1746 152 1789 Vina
162 1745 227 1787 dabat
236 1745 310 1787 Liber:
320 1744 399 1787 tulerat
407 1745 449 1787 sibi
458 1746 549 1802 quisque
558 1760 669 1791 coronam.

126 1821 244 1863 Miscendas
253 1833 316 1876 parce
326 1822 384 1863 rivus
393 1821 470 1876 agebat
479 1833 554 1877 aquas.

96 1894 175 1937 Naides
184 1892 260 1934 effusis
269 1892 314 1934 aiiae
324 1893 370 1934 sine
379 1893 470 1948 pectinis
479 1907 532 1945 usu,

124 1969 174 2007 Pars
183 1966 271 2008 aderant
280 1966 354 2020 positis
363 1976 409 2008 arte
419 1979 530 2022 manuque
540 1967 616 2010 comis.

93 2038 132 2081 liia
141 2052 207 2093 super
215 2051 275 2079 suras
286 2038 382 2080 tunicam
392 2038 480 2081 collecta
491 2040 610 2084 ministrat:

121 2110 191 2152 Altera
202 2111 283 2153 dissuto
292 2121 367 2167 pectus
376 2123 451 2167 apertu
459 2113 516 2156 sinu.

91 2183 173 2240 Exserit
181 2183 226 2226 hac
235 2183 353 2227 humerum
362 2200 366 2226 :
376 2195 458 2229 vestem
468 2186 534 2230 trahit
542 2186 580 2231 illa
588 2200 627 2244 per
635 2187 720 2233 herber.
