1650 2584
81 184 120 236 146
307 182 491 225 PASTORUM
649 194 719 235 ηε.

106 273 169 313 Nune
178 270 269 313 dicenda
278 270 337 313 bono
346 280 397 314 sunt
407 273 465 314 bona
474 272 539 313 verba
548 272 589 313 die.

77 347 121 390 Lite
131 356 207 389 vacent
216 361 290 399 aures,
300 347 419 403 insanaque
428 347 527 402 protinus
537 347 609 389 absint

105 419 191 476 turgia:
202 419 267 462 differ
276 434 342 476 opus,
352 419 416 462 livida
426 420 511 475 lingua,
521 429 592 463 tuum.

77 492 162 543 Cernis,
172 492 267 534 odoratis
277 503 301 535 ut
310 492 382 535 luceat
391 492 477 548 ignibus
486 492 559 543 iether,

107 565 132 605 Et
142 572 203 605 sonet
212 565 306 605 accensis
314 563 373 619 spica
382 562 456 606 Cilissa
466 562 531 605 forise

78 637 176 682 Flamma
185 637 254 680 nitore
265 651 304 680 suo
315 637 447 694 templorum
457 639 656 690 verminantium,

106 712 132 752 Et
142 709 261 752 tremulum
271 724 358 752 summa
368 711 448 766 spargit
457 710 480 752 in
489 711 533 752 rede
538 709 613 767 jubar.

78 783 178 825 Vestibus
188 783 273 825 intactis
282 782 381 838 Tarpeias
391 783 436 825 itur
445 783 467 824 in
477 797 536 826 arces
544 800 549 835 ;

86 882 91 890 ·
106 857 132 897 Et
140 854 233 911 populus
244 853 297 896 festo
307 854 408 896 concolor
417 854 462 910 ipse
471 869 512 897 suo
521 867 559 899 est.

77 933 170 985 Jamque
180 930 230 971 novi
240 939 336 985 praeeunt
346 929 425 982 fasces,
435 944 491 973 nova
500 945 598 987 purpura
606 930 688 987 fulget,

106 1008 131 1047 Et
141 998 197 1046 nors
206 1004 348 1061 conspicuum
358 1006 455 1061 pondera
465 1007 530 1049 sentit
539 1007 600 1048 ebur.

78 1079 136 1122 Colla
147 1080 210 1121 rudes
220 1093 311 1133 operum
321 1080 417 1134 praebent
428 1079 522 1122 ferienda
529 1079 628 1136 juvenci,

108 1155 166 1211 Quos
176 1152 229 1195 aluit
238 1153 320 1208 campis
330 1152 397 1194 herbe
406 1149 487 1195 Falisca
495 1153 546 1196 suis.

78 1229 169 1284 Jupiter,
179 1241 227 1270 arce
237 1241 276 1269 sua
287 1237 357 1271 totum
367 1241 438 1283 quum
448 1237 528 1284 spectet
538 1228 560 1271 in
569 1229 656 1280 orbem,

108 1302 156 1352 Nii,
166 1301 207 1343 nisi
217 1303 351 1349 Romanum.
360 1302 420 1356 quod
431 1311 523 1352 tueatur,
533 1301 604 1343 habet.

77 1378 149 1430 Salve,
159 1376 207 1420 laeu
216 1376 271 1418 dies!
282 1376 400 1431 meliorque
410 1386 515 1418 revertere
524 1390 615 1432 semper,
627 1393 629 1398 ·
643 1376 648 1400 ⁸

107 1453 124 1494 Α
133 1451 215 1509 populo
225 1464 298 1494 rerum
308 1451 373 1506 digna
382 1460 469 1506 potente
479 1449 528 1491 coli.

78 1601 144 1656 Quru
155 1609 228 1641 tamen
238 1613 282 1641 esse
292 1601 360 1641 Deum
371 1608 391 1641 te
400 1598 483 1648 dicam,
492 1600 544 1640 tane
554 1597 667 1644 biformis?

106 1675 163 1714 Num
175 1672 212 1714 tibi
222 1686 261 1728 par
270 1672 355 1714 nulium
365 1671 445 1715 Graecia
455 1684 538 1714 numen
546 1665 619 1713 habet.

77 1747 119 1788 Ede
128 1745 193 1787 simul
203 1760 303 1795 causam,
312 1759 351 1787 eur
360 1746 387 1787 de
396 1744 517 1787 coeiestibus
526 1758 594 1796 unus,

107 1820 180 1875 Sitque
189 1821 248 1875 quod
256 1834 270 1861 a
280 1829 349 1875 tergo,
359 1820 429 1875 sitque
438 1820 497 1875 quod
506 1828 566 1869 aute,
577 1819 641 1861 vides.

79 1896 126 1936 nec
136 1907 174 1948 ego
184 1907 253 1948 quum
263 1894 341 1936 sumtis
349 1893 455 1948 agitarem
465 1902 537 1936 mente
547 1892 641 1944 tabellis,

106 1964 206 2007 Lucidior
215 1964 258 2005 visa
267 1975 310 2014 est,
320 1977 386 2019 quam
397 1964 440 2006 fuit
450 1975 511 2015 aute,
521 1965 606 2007 doinus.

78 2039 134 2080 Tum
144 2050 213 2085 sacer,
220 2037 307 2092 ancipiti
319 2037 430 2079 mirandus
440 2038 545 2093 imagine,
554 2040 621 2080 tantu

106 2110 158 2150 Bina
167 2118 253 2163 repente
263 2108 330 2150 oculis
340 2109 421 2151 obtulit
430 2123 468 2150 ora
477 2110 538 2151 meis.

78 2181 196 2238 Obstupui,
205 2181 303 2237 sensique
313 2192 373 2226 metu
383 2182 473 2239 riguisse
481 2184 580 2239 capillos,
