1650 2584
80 154 98 180 r.
110 143 158 197 359.
332 140 431 181 LIBER
448 140 465 181 1.
673 148 713 196 157

82 231 152 273 Verba
161 230 214 272 fides
223 228 334 285 sequitur:
344 243 405 271 noxae
415 228 454 272 tibi
464 228 549 272 deditus
558 230 625 275 hostis

109 303 220 360 Spargitur
229 301 307 344 adfuso
316 314 408 353 cornua,
419 301 510 355 Bacche,
521 315 588 345 mero.

80 451 151 493 (lutra
160 447 194 491 sui
203 447 291 489 nocuit:
301 447 377 489 nocuit
385 460 473 503 quoque
482 447 545 503 culpa
554 448 646 505 capellae.

110 522 167 581 Quid
176 523 228 563 bos!
237 520 289 576 quid
298 520 387 576 placidae
395 521 555 563 commeruistis
564 528 626 564 orest

82 599 156 641 Flebat
164 597 275 646 ansteus,
286 596 344 651 quod
353 609 403 652 apes
412 610 464 637 cum
474 596 539 652 stirpe
547 609 633 642 necatas

113 673 202 715 Viderat
210 672 305 727 inceptos
314 671 435 712 destituisse
445 670 511 712 favos.

82 747 165 792 Canna
174 760 240 802 quem
250 730 403 801 genitrix'aegre
412 744 480 787 solata
489 744 610 799 dolentem,

112 819 199 864 Addidit
208 819 253 861 hec
262 819 325 861 dictis
334 818 410 860 ultima
422 819 485 860 verba
493 818 548 861 suis:

82 895 148 942 diste,
159 906 225 949 puer,
233 891 350 948 lacrymas3
360 892 448 933 Proteus
458 899 496 933 tua
505 891 585 934 damna
594 893 682 948 levabit,

114 969 206 1026 Quoque
216 967 282 1007 modo
292 977 387 1020 repares,
396 978 444 1020 quae
453 965 546 1020 periere,
555 967 622 1011 dabit

84 1041 181 1097 Decipiat
191 1053 218 1081 ne
229 1050 248 1081 te
257 1038 322 1080 versis
333 1048 405 1079 tamen
413 1037 450 1079 ille
459 1037 545 1093 liguris,

116 1114 238 1170 impediant
247 1113 343 1168 geminas
353 1110 439 1153 vincula
450 1110 513 1153 firma
523 1126 607 1156 manus.

86 1189 184 1234 Pervenit
193 1188 220 1229 ad
230 1196 301 1231 vatem
309 1186 408 1242 juvenis:
421 1185 557 1242 resolutaque
565 1202 643 1232 somno

116 1263 201 1318 Adligat
210 1262 303 1317 aequorei
312 1260 400 1303 brachia
409 1269 473 1316 capta
482 1260 544 1302 senis.

86 1337 125 1380 llle
135 1350 174 1379 sua
185 1334 261 1376 faciem
273 1333 408 1376 transformis
419 1333 525 1376 adulterat
535 1344 593 1377 arte:

117 1413 166 1452 Mox
176 1408 272 1450 domitus
281 1406 356 1449 vinclis
366 1405 388 1447 in
398 1420 437 1448 sua
447 1407 546 1449 membra
556 1409 620 1461 redit;

86 1487 172 1541 Oraque
182 1482 272 1524 caerulea
281 1479 357 1522 tollens
367 1481 462 1522 rorantia
473 1481 552 1534 barba,

116 1562 176 1618 Qua,
186 1556 249 1604 dixit.
259 1568 343 1611 repares
352 1565 408 1606 arte,
419 1556 521 1610 requiris,
530 1562 592 1613 apest

88 1636 162 1678 Obrue
172 1630 260 1675 mactati
270 1644 348 1685 corpus
359 1629 434 1671 tellure
439 1630 539 1686 juvenci:

119 1706 183 1766 Quod
193 1705 247 1760 petis
256 1719 269 1745 a
278 1703 352 1751 nobis,
362 1703 454 1744 obrutus
464 1702 499 1743 ille
509 1704 575 1747 dabit.

88 1784 151 1824 iussn
161 1779 214 1821 lacit
222 1787 302 1833 pastor.
312 1777 402 1818 Fervent
411 1776 511 1817 examina
520 1777 579 1832 putri

118 1859 148 1898 De
158 1856 225 1896 bove:
236 1851 295 1893 mille
303 1852 388 1893 animas
398 1865 442 1891 nna
452 1861 527 1893 necata
536 1850 601 1895 dedit.

88 1930 159 1972 Poscit
169 1940 231 1969 ovem
242 1924 320 1967 fatum.
329 1925 439 1965 Verbenas
449 1922 549 1978 improba
558 1927 647 1983 carpsit,

102 2025 105 2030 -
118 2005 178 2060 Quas
188 1999 224 2056 pia
232 1999 267 2041 Dis
276 1997 332 2040 ruris
341 1995 397 2038 ferre
405 1995 489 2039 solebat
497 2011 558 2040 anus.

87 2153 147 2208 Quin
157 2147 199 2192 tuti
209 2154 317 2204 superest,
326 2144 424 2187 anirnam
434 2158 503 2201 quum
513 2156 579 2203 ponat
587 2147 609 2190 in
618 2150 660 2192 aris

177 2234 202 2262 ll.
619 2235 626 2264 l
634 2238 642 2264 l
