1650 2584
116 188 156 240 ³42
343 184 527 237 rrsrortun
675 198 697 226 v.
713 186 764 238 545.

115 276 234 319 Leucotheii
243 275 323 325 Graiis,
332 277 418 318 Matuta
427 276 530 317 vocabere
540 274 626 316 nostris.

145 353 170 392 ln
179 359 254 405 portus
264 359 316 392 nato
322 349 360 405 jus
370 349 410 391 erit
420 362 485 391 omne
495 357 539 390 tuo.

116 426 186 484 Quem
195 437 235 466 nos
244 426 377 473 Portunum,
387 436 426 464 sua
436 421 510 478 lingua
520 421 641 464 Palaemona
651 421 718 466 dicet.

144 501 187 549 lte,
196 511 278 553 precor.
288 497 366 539 nostris
375 510 450 552 aquus
461 506 551 550 uterque
560 494 619 536 locis.
629 512 641 533 n

116 573 254 615 dduuerant:
264 570 369 626 promissa
379 569 445 610 fides:
455 581 546 624 posuere
555 566 648 610 labores.

146 645 241 688 Nomina
251 654 377 688 mutarunt:
388 644 423 686 hic
434 646 499 692 Deus,
509 642 546 683 illa
555 644 597 684 Dea
606 652 646 684 est.

116 721 161 762 Cur
169 728 226 761 vetet
235 717 323 760 ancillas
332 718 443 767 accedere,
454 715 561 770 queritis?
570 715 626 757 Odit.

145 790 320 847 Principiumque
330 789 372 832 odii
380 822 385 838 ,
394 790 412 831 si
422 789 478 831 sinen
487 789 545 844 ipsa,
555 802 642 830 cunam.

117 865 163 909 Una
172 863 321 906 ministrarum
331 861 393 904 solita
403 871 445 912 est,
455 860 554 910 Cadmei,
565 870 657 902 tuarum

146 937 204 990 Saepe
212 936 254 976 sub
263 934 375 990 amplexus
384 932 483 989 conjugis
493 933 522 975 ire
532 931 571 975 tui.

116 1007 231 1063 improbus
241 1007 297 1048 hanc
306 1007 409 1049 Athamas
419 1005 496 1048 furtim
505 1005 591 1047 dilexit:
602 1005 630 1047 ab
641 1005 681 1048 illa

145 1081 255 1136 Comperit
263 1080 361 1137 agricolis
370 1081 453 1123 semina
463 1089 518 1123 tosta
528 1079 581 1122 dari.

116 1158 164 1212 ipsa
173 1155 261 1211 quidem
272 1153 345 1197 fecisse
355 1164 429 1211 negat,
439 1154 476 1196 sed
485 1153 545 1196 iama
555 1152 647 1209 recepit:

145 1231 188 1271 lloc
198 1238 230 1271 est
238 1242 277 1270 cur
287 1228 336 1270 odio
346 1228 374 1270 sit
384 1228 424 1270 tibi
434 1241 493 1270 serva
503 1241 588 1269 manus.

117 1303 167 1343 Non
177 1310 250 1343 tamen
259 1299 315 1341 hunc
325 1313 365 1355 pro
374 1300 440 1355 stirpe
450 1313 490 1342 sua
499 1299 535 1356 pia
544 1308 613 1340 mater
621 1299 706 1344 adoret
715 1319 721 1343 :

145 1375 194 1428 ipsa
203 1385 280 1427 parum
291 1371 341 1413 felix
350 1371 394 1413 visa
404 1371 469 1413 fuisse
478 1384 561 1427 parens.

116 1446 208 1491 Alterius
218 1446 300 1502 prolem
311 1445 388 1487 melius
398 1444 530 1486 mandabitis
539 1443 584 1485 illi:

146 1518 222 1561 Utilior
231 1518 313 1559 Baccho
322 1530 389 1572 quam
399 1515 443 1558 fuit
451 1515 497 1572 ipsa
506 1515 557 1558 suis.

118 1668 178 1708 ilinc
189 1658 238 1716 tibi,
249 1666 296 1720 Quo
305 1676 418 1720 properas,
428 1670 551 1705 memorant
559 1660 650 1714 dixisse,
659 1664 747 1708 Rutilii

146 1741 202 1779 Luce
212 1751 260 1778 ntea
269 1738 340 1777 Marso
348 1735 429 1778 Consul
438 1735 466 1776 ab
476 1734 537 1776 hoste
546 1733 615 1775 cades.

116 1811 190 1854 Exitus
200 1810 288 1852 accessit
297 1808 379 1851 verbis:
389 1808 515 1863 llumenque
525 1805 633 1848 Tolerium

146 1888 256 1939 Purpureo
265 1884 337 1925 mixtis
346 1883 450 1938 sanguine
460 1882 523 1924 lluxit
532 1881 600 1937 aquis.

115 1957 227 1999 Proximus
236 1971 306 1999 annus
315 1967 373 1999 erat:
384 1956 501 1999 Pallantide
511 1969 577 1998 cresus
586 1955 666 1997 eadem

145 2028 218 2069 Didius
228 2028 314 2071 hostiles
323 2029 464 2085 ingeminavit
473 2042 530 2084 opes.

113 2172 160 2215 lanx
169 2174 256 2228 eadem,
265 2178 372 2229 Fortuna,
381 2187 420 2219 tua
429 2186 471 2230 est,
481 2187 612 2231 auctorque,
621 2176 742 2237 locusque.
