<?xml version="1.0" encoding="UTF-8"?>
<!DOCTYPE html PUBLIC "-//W3C//DTD XHTML 1.0 Transitional//EN"
    "http://www.w3.org/TR/xhtml1/DTD/xhtml1-transitional.dtd">
<html xmlns="http://www.w3.org/1999/xhtml" xml:lang="en" lang="en">
 <head>
  <title>
</title>
<meta http-equiv="Content-Type" content="text/html;charset=utf-8" />
  <meta name='ocr-system' content='tesseract 3.04.00' />
  <meta name='ocr-capabilities' content='ocr_page ocr_carea ocr_par ocr_line ocrx_word'/>
</head>
<body>
  <div class='ocr_page' id='page_1' title='image "./opera01accugoog_0122.png"; bbox 0 0 1650 2584; ppageno 0'>
   <div class='ocr_carea' id='block_1_1' title="bbox 125 180 771 236">
    <p class='ocr_par' dir='ltr' id='par_1_1' title="bbox 125 180 771 236">
     <span class='ocr_line' id='line_1_1' title="bbox 125 180 771 236; baseline -0.005 -13"><span class='ocrx_word' id='word_1_1' title='bbox 125 184 165 235; x_wconf 68' lang='lat'>¹²4</span> <span class='ocrx_word' id='word_1_2' title='bbox 286 181 442 223; x_wconf 74' lang='lat' dir='ltr'>REMEDIA</span> <span class='ocrx_word' id='word_1_3' title='bbox 459 180 597 236; x_wconf 69' lang='lat' dir='ltr'><strong>AMORIS.</strong></span> <span class='ocrx_word' id='word_1_4' title='bbox 684 193 705 221; x_wconf 85' lang='lat' dir='ltr'>v.</span> <span class='ocrx_word' id='word_1_5' title='bbox 720 183 771 234; x_wconf 83' lang='lat'><strong>559.</strong></span> 
     </span>
    </p>
   </div>
   <div class='ocr_carea' id='block_1_2' title="bbox 94 256 787 2245">
    <p class='ocr_par' dir='ltr' id='par_1_2' title="bbox 94 256 787 2245">
     <span class='ocr_line' id='line_1_2' title="bbox 121 256 787 331; baseline -0.006 -14"><span class='ocrx_word' id='word_1_6' title='bbox 121 256 154 317; x_wconf 76' lang='lat' dir='ltr'>&#39;td</span> <span class='ocrx_word' id='word_1_7' title='bbox 165 273 222 316; x_wconf 86' lang='lat' dir='ltr'>maia</span> <span class='ocrx_word' id='word_1_8' title='bbox 231 274 322 331; x_wconf 85' lang='lat' dir='ltr'>quisque</span> <span class='ocrx_word' id='word_1_9' title='bbox 331 273 433 315; x_wconf 86' lang='lat' dir='ltr'>animum</span> <span class='ocrx_word' id='word_1_10' title='bbox 442 271 522 314; x_wconf 84' lang='lat' dir='ltr'>referat</span> <span class='ocrx_word' id='word_1_11' title='bbox 531 285 582 323; x_wconf 69' lang='grc' dir='ltr'>ωας</span> <span class='ocrx_word' id='word_1_12' title='bbox 592 280 661 326; x_wconf 85' lang='lat' dir='ltr'>ponet</span> <span class='ocrx_word' id='word_1_13' title='bbox 670 284 787 314; x_wconf 82' lang='lat' dir='ltr'>amorem:</span> 
     </span>
     <span class='ocr_line' id='line_1_3' title="bbox 152 343 638 403; baseline -0.002 -14"><span class='ocrx_word' id='word_1_14' title='bbox 152 347 259 390; x_wconf 81' lang='lat' dir='ltr'>Omnibus</span> <span class='ocrx_word' id='word_1_15' title='bbox 268 348 304 390; x_wconf 85' lang='lat' dir='ltr'>iiia</span> <span class='ocrx_word' id='word_1_16' title='bbox 314 350 369 390; x_wconf 86' lang='lat' dir='ltr'>Deus</span> <span class='ocrx_word' id='word_1_17' title='bbox 377 347 453 403; x_wconf 81' lang='lat' dir='ltr'>plusve</span> <span class='ocrx_word' id='word_1_18' title='bbox 462 346 561 387; x_wconf 86' lang='lat' dir='ltr'>minusve</span> <span class='ocrx_word' id='word_1_19' title='bbox 571 343 638 388; x_wconf 83' lang='lat' dir='ltr'>dedit.</span> 
     </span>
     <span class='ocr_line' id='line_1_4' title="bbox 123 419 729 481; baseline -0.002 -17"><span class='ocrx_word' id='word_1_20' title='bbox 123 423 165 481; x_wconf 71' lang='lat' dir='ltr'>Qui</span> <span class='ocrx_word' id='word_1_21' title='bbox 175 423 248 466; x_wconf 80' lang='lat' dir='ltr'>Puteal</span> <span class='ocrx_word' id='word_1_22' title='bbox 257 427 380 479; x_wconf 75' lang='lat' dir='ltr'>lanamque</span> <span class='ocrx_word' id='word_1_23' title='bbox 390 422 464 470; x_wconf 80' lang='lat' dir='ltr'>timet,</span> <span class='ocrx_word' id='word_1_24' title='bbox 475 421 596 475; x_wconf 78' lang='lat' dir='ltr'>celeresque</span> <span class='ocrx_word' id='word_1_25' title='bbox 606 419 729 473; x_wconf 78' lang='lat' dir='ltr'>Kalendas,</span> 
     </span>
     <span class='ocr_line' id='line_1_5' title="bbox 154 494 624 551; baseline -0.004 -14"><span class='ocrx_word' id='word_1_26' title='bbox 154 497 262 551; x_wconf 84' lang='lat' dir='ltr'>Torqueat</span> <span class='ocrx_word' id='word_1_27' title='bbox 271 497 330 538; x_wconf 87' lang='lat' dir='ltr'>hunc</span> <span class='ocrx_word' id='word_1_28' title='bbox 339 495 386 538; x_wconf 78' lang='lat' dir='ltr'>:eris</span> <span class='ocrx_word' id='word_1_29' title='bbox 397 505 475 537; x_wconf 89' lang='lat' dir='ltr'>mutua</span> <span class='ocrx_word' id='word_1_30' title='bbox 485 508 573 536; x_wconf 85' lang='lat' dir='ltr'>summa</span> <span class='ocrx_word' id='word_1_31' title='bbox 582 494 624 536; x_wconf 88' lang='lat' dir='ltr'>sui.</span> 
     </span>
     <span class='ocr_line' id='line_1_6' title="bbox 105 568 644 626; baseline -0.002 -13"><span class='ocrx_word' id='word_1_32' title='bbox 105 615 107 619; x_wconf 57' lang='grc'><strong>,</strong></span> <span class='ocrx_word' id='word_1_33' title='bbox 126 570 166 613; x_wconf 86' lang='lat' dir='ltr'>Cui</span> <span class='ocrx_word' id='word_1_34' title='bbox 175 581 236 626; x_wconf 83' lang='lat' dir='ltr'>pater</span> <span class='ocrx_word' id='word_1_35' title='bbox 245 581 277 614; x_wconf 77' lang='lat' dir='ltr'>est</span> <span class='ocrx_word' id='word_1_36' title='bbox 286 572 366 619; x_wconf 80' lang='lat' dir='ltr'>durus,</span> <span class='ocrx_word' id='word_1_37' title='bbox 376 570 432 612; x_wconf 80' lang='lat' dir='ltr'>votis</span> <span class='ocrx_word' id='word_1_38' title='bbox 440 578 466 612; x_wconf 88' lang='lat' dir='ltr'>ut</span> <span class='ocrx_word' id='word_1_39' title='bbox 475 579 544 612; x_wconf 84' lang='lat' dir='ltr'>cetera</span> <span class='ocrx_word' id='word_1_40' title='bbox 554 568 644 620; x_wconf 86' lang='lat' dir='ltr'>cedant,</span> 
     </span>
     <span class='ocr_line' id='line_1_7' title="bbox 156 642 685 701; baseline 0.004 -16"><span class='ocrx_word' id='word_1_41' title='bbox 156 646 209 698; x_wconf 61' lang='lat' dir='ltr'>{init</span> <span class='ocrx_word' id='word_1_42' title='bbox 218 654 280 701; x_wconf 83' lang='lat' dir='ltr'>pater</span> <span class='ocrx_word' id='word_1_43' title='bbox 289 655 339 688; x_wconf 86' lang='lat' dir='ltr'>ante</span> <span class='ocrx_word' id='word_1_44' title='bbox 348 644 423 687; x_wconf 82' lang='lat' dir='ltr'>oculus</span> <span class='ocrx_word' id='word_1_45' title='bbox 432 645 501 686; x_wconf 87' lang='lat' dir='ltr'>durus</span> <span class='ocrx_word' id='word_1_46' title='bbox 509 643 624 686; x_wconf 81' lang='lat' dir='ltr'>habendus</span> <span class='ocrx_word' id='word_1_47' title='bbox 634 642 685 687; x_wconf 77' lang='lat' dir='ltr'>erit·</span> 
     </span>
     <span class='ocr_line' id='line_1_8' title="bbox 126 714 709 773; baseline -0.007 -13"><span class='ocrx_word' id='word_1_48' title='bbox 126 718 164 760; x_wconf 79' lang='lat' dir='ltr'>ttic</span> <span class='ocrx_word' id='word_1_49' title='bbox 174 717 230 760; x_wconf 89' lang='lat' dir='ltr'>male</span> <span class='ocrx_word' id='word_1_50' title='bbox 239 718 313 760; x_wconf 82' lang='lat' dir='ltr'>dotata</span> <span class='ocrx_word' id='word_1_51' title='bbox 323 731 405 773; x_wconf 83' lang='lat' dir='ltr'>pauper</span> <span class='ocrx_word' id='word_1_52' title='bbox 413 730 466 758; x_wconf 85' lang='lat' dir='ltr'>cum</span> <span class='ocrx_word' id='word_1_53' title='bbox 476 714 569 771; x_wconf 72' lang='lat' dir='ltr'>conjuge</span> <span class='ocrx_word' id='word_1_54' title='bbox 578 714 643 757; x_wconf 81' lang='lat' dir='ltr'>vivit:</span> <span class='ocrx_word' id='word_1_55' title='bbox 701 725 709 734; x_wconf 86' lang='grc'><em>·</em></span> 
     </span>
     <span class='ocr_line' id='line_1_9' title="bbox 157 789 529 832; baseline -0.005 0"><span class='ocrx_word' id='word_1_56' title='bbox 157 793 249 832; x_wconf 81' lang='lat' dir='ltr'>Uxorem</span> <span class='ocrx_word' id='word_1_57' title='bbox 260 789 305 832; x_wconf 80' lang='lat' dir='ltr'>fato</span> <span class='ocrx_word' id='word_1_58' title='bbox 315 790 388 832; x_wconf 85' lang='lat' dir='ltr'>credat</span> <span class='ocrx_word' id='word_1_59' title='bbox 397 790 472 831; x_wconf 76' lang='lat' dir='ltr'>obesse</span> <span class='ocrx_word' id='word_1_60' title='bbox 481 802 529 831; x_wconf 88' lang='lat' dir='ltr'>suo.</span> 
     </span>
     <span class='ocr_line' id='line_1_10' title="bbox 127 860 599 922; baseline -0.006 -17"><span class='ocrx_word' id='word_1_61' title='bbox 127 864 164 905; x_wconf 85' lang='lat' dir='ltr'>Est</span> <span class='ocrx_word' id='word_1_62' title='bbox 174 862 213 905; x_wconf 89' lang='lat' dir='ltr'>tibi</span> <span class='ocrx_word' id='word_1_63' title='bbox 223 873 272 904; x_wconf 86' lang='lat' dir='ltr'>rure</span> <span class='ocrx_word' id='word_1_64' title='bbox 283 863 340 905; x_wconf 89' lang='lat' dir='ltr'>bono</span> <span class='ocrx_word' id='word_1_65' title='bbox 350 875 460 922; x_wconf 70' lang='lat' dir='ltr'>generosa&gt;¹</span> <span class='ocrx_word' id='word_1_66' title='bbox 467 860 542 904; x_wconf 85' lang='lat' dir='ltr'>fertilis</span> <span class='ocrx_word' id='word_1_67' title='bbox 552 874 599 902; x_wconf 72' lang='lat' dir='ltr'>uvae</span> 
     </span>
     <span class='ocr_line' id='line_1_11' title="bbox 159 932 607 984; baseline -0.004 -7"><span class='ocrx_word' id='word_1_68' title='bbox 159 936 240 978; x_wconf 87' lang='lat' dir='ltr'>Vinea:</span> <span class='ocrx_word' id='word_1_69' title='bbox 251 950 277 977; x_wconf 85' lang='lat' dir='ltr'>ne</span> <span class='ocrx_word' id='word_1_70' title='bbox 287 932 429 978; x_wconf 70' lang='lat' dir='ltr'>nascens&#39;uva</span> <span class='ocrx_word' id='word_1_71' title='bbox 437 935 465 977; x_wconf 90' lang='lat' dir='ltr'>sit</span> <span class='ocrx_word' id='word_1_72' title='bbox 476 945 536 984; x_wconf 81' lang='lat' dir='ltr'>usta,</span> <span class='ocrx_word' id='word_1_73' title='bbox 546 935 607 978; x_wconf 86' lang='lat' dir='ltr'>time.</span> 
     </span>
     <span class='ocr_line' id='line_1_12' title="bbox 94 1009 736 1066; baseline 0 -13"><span class='ocrx_word' id='word_1_74' title='bbox 94 1034 96 1036; x_wconf 59' lang='lat'>&gt;</span> <span class='ocrx_word' id='word_1_75' title='bbox 128 1010 168 1053; x_wconf 83' lang='lat' dir='ltr'>lile</span> <span class='ocrx_word' id='word_1_76' title='bbox 176 1011 242 1054; x_wconf 90' lang='lat' dir='ltr'>habet</span> <span class='ocrx_word' id='word_1_77' title='bbox 251 1011 273 1053; x_wconf 90' lang='lat' dir='ltr'>in</span> <span class='ocrx_word' id='word_1_78' title='bbox 283 1011 354 1054; x_wconf 87' lang='lat' dir='ltr'>reditu</span> <span class='ocrx_word' id='word_1_79' title='bbox 363 1010 450 1053; x_wconf 83' lang='lat' dir='ltr'>navim:</span> <span class='ocrx_word' id='word_1_80' title='bbox 460 1023 520 1053; x_wconf 85' lang='lat' dir='ltr'>mare</span> <span class='ocrx_word' id='word_1_81' title='bbox 530 1023 616 1065; x_wconf 84' lang='lat' dir='ltr'>semper</span> <span class='ocrx_word' id='word_1_82' title='bbox 626 1009 736 1066; x_wconf 77' lang='lat' dir='ltr'>iniquum</span> 
     </span>
     <span class='ocr_line' id='line_1_13' title="bbox 160 1082 574 1140; baseline -0.007 -14"><span class='ocrx_word' id='word_1_83' title='bbox 160 1084 257 1140; x_wconf 71' lang='lat' dir='ltr'>Cogitet,</span> <span class='ocrx_word' id='word_1_84' title='bbox 267 1093 288 1125; x_wconf 90' lang='lat' dir='ltr'>et</span> <span class='ocrx_word' id='word_1_85' title='bbox 298 1084 379 1126; x_wconf 79' lang='lat' dir='ltr'>damno</span> <span class='ocrx_word' id='word_1_86' title='bbox 388 1083 452 1125; x_wconf 89' lang='lat' dir='ltr'>litora</span> <span class='ocrx_word' id='word_1_87' title='bbox 461 1082 518 1125; x_wconf 82' lang='lat' dir='ltr'>foeda</span> <span class='ocrx_word' id='word_1_88' title='bbox 527 1097 574 1125; x_wconf 91' lang='lat' dir='ltr'>suo.</span> 
     </span>
     <span class='ocr_line' id='line_1_14' title="bbox 131 1142 620 1211; baseline -0.004 -11"><span class='ocrx_word' id='word_1_89' title='bbox 131 1157 197 1201; x_wconf 84' lang='lat' dir='ltr'>Filius</span> <span class='ocrx_word' id='word_1_90' title='bbox 207 1142 265 1199; x_wconf 76' lang='lat' dir='ltr'>iiuuc</span> <span class='ocrx_word' id='word_1_91' title='bbox 275 1157 348 1206; x_wconf 79' lang='lat' dir='ltr'>miles,</span> <span class='ocrx_word' id='word_1_92' title='bbox 358 1166 378 1199; x_wconf 92' lang='lat' dir='ltr'>te</span> <span class='ocrx_word' id='word_1_93' title='bbox 388 1156 433 1199; x_wconf 86' lang='lat' dir='ltr'>filia</span> <span class='ocrx_word' id='word_1_94' title='bbox 442 1155 523 1200; x_wconf 88' lang='lat' dir='ltr'>nubilis</span> <span class='ocrx_word' id='word_1_95' title='bbox 533 1166 620 1211; x_wconf 76' lang='lat' dir='ltr'>angant.</span> 
     </span>
     <span class='ocr_line' id='line_1_15' title="bbox 162 1218 630 1286; baseline -0.011 -11"><span class='ocrx_word' id='word_1_96' title='bbox 162 1234 187 1275; x_wconf 87' lang='lat' dir='ltr'>Et</span> <span class='ocrx_word' id='word_1_97' title='bbox 195 1231 244 1286; x_wconf 90' lang='lat' dir='ltr'>quis</span> <span class='ocrx_word' id='word_1_98' title='bbox 254 1245 299 1273; x_wconf 87' lang='lat' dir='ltr'>non</span> <span class='ocrx_word' id='word_1_99' title='bbox 309 1245 384 1273; x_wconf 82' lang='lat' dir='ltr'>causus</span> <span class='ocrx_word' id='word_1_100' title='bbox 393 1218 453 1272; x_wconf 81' lang='lat' dir='ltr'>mille</span> <span class='ocrx_word' id='word_1_101' title='bbox 462 1229 542 1272; x_wconf 88' lang='lat' dir='ltr'>doloris</span> <span class='ocrx_word' id='word_1_102' title='bbox 552 1230 630 1271; x_wconf 80' lang='lat' dir='ltr'>habeti</span> 
     </span>
     <span class='ocr_line' id='line_1_16' title="bbox 119 1291 661 1361; baseline -0.006 -13"><span class='ocrx_word' id='word_1_103' title='bbox 119 1291 121 1295; x_wconf 10' lang='grc' dir='ltr'>μ</span> <span class='ocrx_word' id='word_1_104' title='bbox 134 1307 162 1348; x_wconf 89' lang='lat' dir='ltr'>Ut</span> <span class='ocrx_word' id='word_1_105' title='bbox 171 1305 237 1361; x_wconf 84' lang='lat' dir='ltr'>possis</span> <span class='ocrx_word' id='word_1_106' title='bbox 247 1305 315 1347; x_wconf 86' lang='lat' dir='ltr'>odisse</span> <span class='ocrx_word' id='word_1_107' title='bbox 326 1314 399 1351; x_wconf 72' lang='lat' dir='ltr'>tuam,</span> <span class='ocrx_word' id='word_1_108' title='bbox 408 1305 467 1354; x_wconf 80' lang='lat' dir='ltr'>Pari,</span> <span class='ocrx_word' id='word_1_109' title='bbox 477 1303 554 1345; x_wconf 84' lang='lat' dir='ltr'>funera</span> <span class='ocrx_word' id='word_1_110' title='bbox 565 1302 661 1345; x_wconf 81' lang='lat' dir='ltr'>fratrum</span> 
     </span>
     <span class='ocr_line' id='line_1_17' title="bbox 164 1365 705 1421; baseline -0.004 -1"><span class='ocrx_word' id='word_1_111' title='bbox 164 1380 272 1421; x_wconf 76' lang='lat' dir='ltr'>Debueras</span> <span class='ocrx_word' id='word_1_112' title='bbox 281 1378 348 1420; x_wconf 86' lang='lat' dir='ltr'>oculis</span> <span class='ocrx_word' id='word_1_113' title='bbox 357 1376 493 1421; x_wconf 78' lang='lat' dir='ltr'>substituisse</span> <span class='ocrx_word' id='word_1_114' title='bbox 504 1376 552 1420; x_wconf 86' lang='lat' dir='ltr'>tuis.</span> <span class='ocrx_word' id='word_1_115' title='bbox 702 1365 705 1370; x_wconf 45' lang='lat'>¹</span> 
     </span>
     <span class='ocr_line' id='line_1_18' title="bbox 134 1450 649 1509; baseline -0.01 -13"><span class='ocrx_word' id='word_1_116' title='bbox 134 1453 198 1496; x_wconf 86' lang='lat' dir='ltr'>Plura</span> <span class='ocrx_word' id='word_1_117' title='bbox 207 1453 347 1509; x_wconf 62' lang='lat' dir='ltr'>loquebatun</span> <span class='ocrx_word' id='word_1_118' title='bbox 357 1452 468 1508; x_wconf 82' lang='lat' dir='ltr'>piacidum</span> <span class='ocrx_word' id='word_1_119' title='bbox 478 1450 565 1506; x_wconf 85' lang='lat' dir='ltr'>puerilis</span> <span class='ocrx_word' id='word_1_120' title='bbox 574 1450 649 1506; x_wconf 74' lang='lat' dir='ltr'>imago</span> 
     </span>
     <span class='ocr_line' id='line_1_19' title="bbox 164 1525 655 1571; baseline -0.006 -2"><span class='ocrx_word' id='word_1_121' title='bbox 164 1527 264 1571; x_wconf 76' lang='lat' dir='ltr'>Destituit</span> <span class='ocrx_word' id='word_1_122' title='bbox 272 1540 375 1569; x_wconf 89' lang='lat' dir='ltr'>somnum</span> <span class='ocrx_word' id='word_1_123' title='bbox 385 1542 389 1566; x_wconf 95' lang='lat'><strong>:</strong></span> <span class='ocrx_word' id='word_1_124' title='bbox 400 1525 417 1568; x_wconf 90' lang='lat' dir='ltr'>si</span> <span class='ocrx_word' id='word_1_125' title='bbox 428 1526 493 1567; x_wconf 88' lang='lat' dir='ltr'>modo</span> <span class='ocrx_word' id='word_1_126' title='bbox 502 1538 593 1567; x_wconf 84' lang='lat' dir='ltr'>somnus</span> <span class='ocrx_word' id='word_1_127' title='bbox 602 1532 655 1567; x_wconf 83' lang='lat' dir='ltr'>erat</span> 
     </span>
     <span class='ocr_line' id='line_1_20' title="bbox 136 1597 685 1659; baseline -0.007 -16"><span class='ocrx_word' id='word_1_128' title='bbox 136 1602 194 1659; x_wconf 76' lang='lat' dir='ltr'>Quid</span> <span class='ocrx_word' id='word_1_129' title='bbox 204 1600 296 1643; x_wconf 76' lang='lat' dir='ltr'>faciam?</span> <span class='ocrx_word' id='word_1_130' title='bbox 306 1600 377 1642; x_wconf 86' lang='lat' dir='ltr'>media</span> <span class='ocrx_word' id='word_1_131' title='bbox 386 1599 459 1642; x_wconf 80' lang='lat' dir='ltr'>navim</span> <span class='ocrx_word' id='word_1_132' title='bbox 469 1599 582 1640; x_wconf 86' lang='lat' dir='ltr'>Palinurus</span> <span class='ocrx_word' id='word_1_133' title='bbox 591 1597 614 1639; x_wconf 90' lang='lat' dir='ltr'>in</span> <span class='ocrx_word' id='word_1_134' title='bbox 624 1598 685 1640; x_wconf 87' lang='lat' dir='ltr'>unda</span> 
     </span>
     <span class='ocr_line' id='line_1_21' title="bbox 166 1672 548 1730; baseline -0.01 -13"><span class='ocrx_word' id='word_1_135' title='bbox 166 1675 253 1717; x_wconf 82' lang='lat' dir='ltr'>Deserit</span> <span class='ocrx_word' id='word_1_136' title='bbox 263 1677 349 1730; x_wconf 67' lang='lat' dir='ltr'>Ignotae</span> <span class='ocrx_word' id='word_1_137' title='bbox 358 1687 424 1729; x_wconf 68' lang='lat' dir='ltr'>cogor</span> <span class='ocrx_word' id='word_1_138' title='bbox 433 1672 487 1714; x_wconf 82' lang='lat' dir='ltr'>inire</span> <span class='ocrx_word' id='word_1_139' title='bbox 497 1672 548 1714; x_wconf 88' lang='lat' dir='ltr'>vias.</span> 
     </span>
     <span class='ocr_line' id='line_1_22' title="bbox 137 1744 738 1806; baseline -0.007 -16"><span class='ocrx_word' id='word_1_140' title='bbox 137 1748 240 1806; x_wconf 75' lang='lat' dir='ltr'>Quisquis</span> <span class='ocrx_word' id='word_1_141' title='bbox 249 1762 320 1798; x_wconf 82' lang='lat' dir='ltr'>amas,</span> <span class='ocrx_word' id='word_1_142' title='bbox 331 1748 378 1790; x_wconf 85' lang='lat' dir='ltr'>loca</span> <span class='ocrx_word' id='word_1_143' title='bbox 386 1747 433 1789; x_wconf 86' lang='lat' dir='ltr'>sola</span> <span class='ocrx_word' id='word_1_144' title='bbox 441 1755 531 1794; x_wconf 79' lang='lat' dir='ltr'>nocent,</span> <span class='ocrx_word' id='word_1_145' title='bbox 541 1745 588 1787; x_wconf 76' lang='lat' dir='ltr'>toea</span> <span class='ocrx_word' id='word_1_146' title='bbox 597 1744 645 1788; x_wconf 83' lang='lat' dir='ltr'>sota</span> <span class='ocrx_word' id='word_1_147' title='bbox 653 1755 738 1788; x_wconf 79' lang='lat' dir='ltr'>caveto.</span> 
     </span>
     <span class='ocr_line' id='line_1_23' title="bbox 167 1821 625 1879; baseline -0.007 -15"><span class='ocrx_word' id='word_1_148' title='bbox 167 1824 216 1879; x_wconf 78' lang='lat' dir='ltr'>Quo</span> <span class='ocrx_word' id='word_1_149' title='bbox 227 1822 294 1878; x_wconf 72' lang='lat' dir='ltr'>iugis!</span> <span class='ocrx_word' id='word_1_150' title='bbox 304 1822 326 1863; x_wconf 90' lang='lat' dir='ltr'>in</span> <span class='ocrx_word' id='word_1_151' title='bbox 336 1821 417 1878; x_wconf 88' lang='lat' dir='ltr'>populo</span> <span class='ocrx_word' id='word_1_152' title='bbox 428 1822 495 1863; x_wconf 89' lang='lat' dir='ltr'>tutior</span> <span class='ocrx_word' id='word_1_153' title='bbox 503 1833 549 1872; x_wconf 75' lang='lat' dir='ltr'>esse</span> <span class='ocrx_word' id='word_1_154' title='bbox 557 1828 625 1875; x_wconf 87' lang='lat' dir='ltr'>potes.</span> 
     </span>
     <span class='ocr_line' id='line_1_24' title="bbox 139 1891 637 1950; baseline -0.008 -13"><span class='ocrx_word' id='word_1_155' title='bbox 139 1897 189 1937; x_wconf 88' lang='lat' dir='ltr'>Non</span> <span class='ocrx_word' id='word_1_156' title='bbox 200 1894 238 1936; x_wconf 87' lang='lat' dir='ltr'>tibi</span> <span class='ocrx_word' id='word_1_157' title='bbox 249 1895 334 1935; x_wconf 86' lang='lat' dir='ltr'>secretis</span> <span class='ocrx_word' id='word_1_158' title='bbox 344 1894 439 1950; x_wconf 77' lang='lat' dir='ltr'>(augent</span> <span class='ocrx_word' id='word_1_159' title='bbox 447 1903 528 1935; x_wconf 80' lang='lat' dir='ltr'>secreta</span> <span class='ocrx_word' id='word_1_160' title='bbox 537 1891 637 1947; x_wconf 81' lang='lat' dir='ltr'>furores)</span> 
     </span>
     <span class='ocr_line' id='line_1_25' title="bbox 169 1966 629 2024; baseline -0.007 -14"><span class='ocrx_word' id='word_1_161' title='bbox 169 1971 205 2010; x_wconf 88' lang='lat' dir='ltr'>Est</span> <span class='ocrx_word' id='word_1_162' title='bbox 214 1982 281 2024; x_wconf 87' lang='lat' dir='ltr'>opus:</span> <span class='ocrx_word' id='word_1_163' title='bbox 292 1968 372 2010; x_wconf 79' lang='lat' dir='ltr'>auxilio</span> <span class='ocrx_word' id='word_1_164' title='bbox 382 1969 447 2010; x_wconf 88' lang='lat' dir='ltr'>turba</span> <span class='ocrx_word' id='word_1_165' title='bbox 457 1967 531 2009; x_wconf 80' lang='lat' dir='ltr'>futuru</span> <span class='ocrx_word' id='word_1_166' title='bbox 541 1966 579 2009; x_wconf 90' lang='lat' dir='ltr'>tibi</span> <span class='ocrx_word' id='word_1_167' title='bbox 590 1975 629 2007; x_wconf 88' lang='lat' dir='ltr'>est.</span> 
     </span>
     <span class='ocr_line' id='line_1_26' title="bbox 142 2038 673 2096; baseline -0.008 -12"><span class='ocrx_word' id='word_1_168' title='bbox 142 2042 216 2084; x_wconf 89' lang='lat' dir='ltr'>Tristis</span> <span class='ocrx_word' id='word_1_169' title='bbox 226 2040 277 2090; x_wconf 69' lang='lat' dir='ltr'>eris,</span> <span class='ocrx_word' id='word_1_170' title='bbox 287 2042 305 2082; x_wconf 86' lang='lat' dir='ltr'>si</span> <span class='ocrx_word' id='word_1_171' title='bbox 314 2041 372 2083; x_wconf 85' lang='lat' dir='ltr'>solus</span> <span class='ocrx_word' id='word_1_172' title='bbox 382 2041 436 2083; x_wconf 90' lang='lat' dir='ltr'>eris:</span> <span class='ocrx_word' id='word_1_173' title='bbox 446 2041 583 2096; x_wconf 70' lang='lat' dir='ltr'>dominaque</span> <span class='ocrx_word' id='word_1_174' title='bbox 593 2038 673 2081; x_wconf 72' lang='lat' dir='ltr'>relicta</span> 
     </span>
     <span class='ocr_line' id='line_1_27' title="bbox 172 2114 637 2170; baseline 0.002 -15"><span class='ocrx_word' id='word_1_175' title='bbox 172 2117 225 2156; x_wconf 80' lang='lat' dir='ltr'>Ante</span> <span class='ocrx_word' id='word_1_176' title='bbox 235 2114 309 2157; x_wconf 81' lang='lat' dir='ltr'>oculos</span> <span class='ocrx_word' id='word_1_177' title='bbox 319 2114 383 2158; x_wconf 82' lang='lat' dir='ltr'>iacies</span> <span class='ocrx_word' id='word_1_178' title='bbox 392 2115 469 2166; x_wconf 81' lang='lat' dir='ltr'>subit,</span> <span class='ocrx_word' id='word_1_179' title='bbox 479 2125 504 2157; x_wconf 90' lang='lat' dir='ltr'>ut</span> <span class='ocrx_word' id='word_1_180' title='bbox 513 2115 569 2170; x_wconf 80' lang='lat' dir='ltr'>ipsa,</span> <span class='ocrx_word' id='word_1_181' title='bbox 580 2123 637 2156; x_wconf 73' lang='lat' dir='ltr'>tunt.</span> 
     </span>
     <span class='ocr_line' id='line_1_28' title="bbox 144 2185 750 2245; baseline -0.002 -16"><span class='ocrx_word' id='word_1_182' title='bbox 144 2186 233 2230; x_wconf 81' lang='lat' dir='ltr'>Tristior</span> <span class='ocrx_word' id='word_1_183' title='bbox 242 2188 321 2230; x_wconf 86' lang='lat' dir='ltr'>idcirco</span> <span class='ocrx_word' id='word_1_184' title='bbox 331 2203 373 2231; x_wconf 83' lang='lat' dir='ltr'>nox</span> <span class='ocrx_word' id='word_1_185' title='bbox 382 2199 425 2239; x_wconf 78' lang='lat' dir='ltr'>est,</span> <span class='ocrx_word' id='word_1_186' title='bbox 435 2199 503 2245; x_wconf 81' lang='lat' dir='ltr'>quam</span> <span class='ocrx_word' id='word_1_187' title='bbox 514 2198 613 2245; x_wconf 82' lang='lat' dir='ltr'>tempora</span> <span class='ocrx_word' id='word_1_188' title='bbox 623 2185 711 2230; x_wconf 79' lang='lat' dir='ltr'>Pltoebi:</span> <span class='ocrx_word' id='word_1_189' title='bbox 748 2203 750 2206; x_wconf 65' lang='grc'>’</span> 
     </span>
    </p>
   </div>
   <div class='ocr_carea' id='block_1_3' title="bbox 0 0 848 2584">
    <p class='ocr_par' dir='ltr' id='par_1_3' title="bbox 0 0 848 2584">
     <span class='ocr_line' id='line_1_29' title="bbox 0 0 848 2584; baseline 0 0"><span class='ocrx_word' id='word_1_190' title='bbox 0 0 848 2584; x_wconf 95' lang='lat' dir='ltr'> </span> 
     </span>
    </p>
   </div>
  </div>
 </body>
</html>
