1650 2584
74 157 95 185 v.
108 146 163 188 361.
259 159 262 163 ’
326 157 426 208 LIBER
443 166 476 210 11.

76 237 198 294 Cornipedi
207 243 344 305 Founoleaesa
352 253 379 295 de
388 268 450 300 more
458 261 550 316 capelia,

110 312 178 356 Venit
186 315 214 357 ad
223 319 308 375 exiguas
319 327 383 370 turha
391 343 467 375 vocata
475 335 547 392 dapes

75 382 181 439 Dumque
190 393 310 436 sacerdotes
320 401 413 444 verubus
424 413 521 451 transuta
530 412 616 469 salignis

678 188 718 242 189

106 457 162 499 Exta
170 473 258 514 parant,
269 469 350 512 medias
359 473 407 516 Sole
417 485 502 522 tenente
512 483 566 536 vies3

73 529 196 584 Romulus,
206 536 308 592 utimur,
318 548 472 606 pastoralisque
477 554 593 613 juventus,

106 604 194 650 Solibus
202 620 224 652 et
232 626 310 671 campo
319 631 409 676 corpora
419 627 478 669 nuda
487 630 582 677 dabant:

75 677 208 734 (natibus,
218 695 239 727 et
245 686 335 743 jaculis,
345 704 366 736 et
376 698 435 739 missi
445 704 538 756 pondere
547 711 592 752 saxi

105 753 197 797 Brachia
205 771 243 812 per
252 759 312 804 lusus
322 768 448 821 experienda
457 775 560 836 dabant.)

73 828 152 870 Pastor
160 830 189 872 ab
198 835 291 887 excelso,
300 840 339 881 Per
348 843 409 886 devia
419 860 469 890 rura
475 850 591 910 juvencos,

103 901 208 955 Romule,
218 910 338 963 predones,
348 915 417 970 eripe,
427 920 490 972 dixit,
500 938 573 980 agunt.

73 977 176 1031 Longum
186 990 232 1023 erat
240 986 331 1028 armari:
341 988 428 1035 diversis
438 997 480 1039 exit
490 1009 580 1057 uterque

103 1049 209 1093 Partibus.
219 1055 313 1100 Accursu
322 1063 392 1115 praeda
403 1078 487 1123 recepta
496 1073 563 1115 Remi.

72 1124 102 1164 Ut
111 1124 186 1176 rediit,
196 1131 289 1173 verubus
297 1134 409 1180 stridentia
420 1142 513 1188 detrahit
522 1158 580 1201 eru,

103 1198 174 1252 Atque
182 1200 213 1242 ait
221 1217 226 1241 :
235 1205 283 1247 Ilaee
293 1218 350 1251 certe
358 1224 403 1253 nou
412 1214 454 1256 nisi
464 1217 531 1261 victor
539 1223 594 1266 edet.

70 1271 134 1314 Dicta
143 1271 206 1327 facit,
215 1277 317 1336 Fabiique
326 1283 398 1327 simul.
409 1288 473 1333 Venit
481 1292 554 1337 irritus
564 1298 614 1343 iiiuc

77 1388 82 1391 ,
101 1347 219 1400 Romulus,
228 1360 249 1393 et
259 1366 343 1398 mensas
353 1372 443 1415 ossaque
452 1366 511 1407 nuda
521 1368 583 1413 videt.

70 1418 135 1470 Risiu
145 1433 167 1463 et
176 1421 279 1476 indoluit,
288 1429 364 1473 Fabios
374 1435 468 1487 potuisse
477 1441 611 1500 Remumque

101 1492 206 1536 Vincere:
216 1498 343 1554 Quinctilius
352 1517 397 1546 nou
406 1510 501 1562 potuisse
510 1526 566 1557 suos.

71 1566 139 1608 Fama
149 1579 223 1612 menet
232 1570 297 1616 fecti:
306 1577 376 1630 posito
385 1579 491 1624 velamine
499 1599 600 1641 currunt,

42 1678 53 1684 ,
100 1641 127 1683 Et
135 1654 256 1687 memorem
265 1645 361 1702 famam,
370 1655 430 1706 quod
439 1654 493 1698 bene
502 1661 575 1715 cessit,
583 1664 654 1711 hehet

71 1788 180 1834 Forum
189 1801 211 1834 et
219 1807 312 1848 quaeras,
322 1811 361 1840 cur
370 1799 397 1841 sit
405 1799 466 1845 iocus
475 1803 511 1847 iiie
519 1808 632 1868 Luperca15

100 1866 177 1923 Quaevc
186 1866 244 1910 diem
256 1869 291 1912 tuli
301 1873 390 1914 nomine
399 1888 465 1918 causa
473 1889 540 1924 notet.

70 1937 110 1981 liia
119 1939 209 1982 Vestalis
219 1941 311 1985 coelestia
320 1945 404 1988 semina
413 1959 478 2002 partu
533 1995 536 2002 ,

101 2013 210 2066 Edideru.
220 2026 298 2071 patruo
308 2032 373 2075 regna
384 2029 469 2064 tenente
477 2038 523 2069 suo.

70 2091 90 2133 [s
96 2088 160 2145 jubet
169 2089 250 2133 auferri
260 2106 348 2147 parvos,
357 2093 411 2138 etin
420 2109 485 2140 amne
494 2106 572 2148 necari.

98 2162 154 2221 Quid
163 2162 228 2206 facist
237 2178 262 2208 ex
271 2165 317 2211 istis
326 2168 433 2213 Romulus
443 2171 497 2216 aiter
505 2177 551 2222 etit.

159 2250 187 2280 rr.
598 2257 621 2297 ri
