1650 2584
115 176 156 217 31²
345 171 528 215 rtsrotvtt
675 186 697 215 v.
710 175 767 231 593.

112 265 201 315 Parthe,
211 263 277 307 refers
285 263 382 319 aquilas:
392 262 460 305 victos
468 274 556 318 quoque
565 262 658 318 porrigit
667 277 738 309 artur
747 282 753 307 ε

142 337 233 392 Pignora
239 336 288 392 jam
297 336 366 379 nostri
376 335 437 377 nulla
445 335 535 391 pudoris
544 334 618 377 ltabee.

114 409 160 451 llite
169 410 212 451 Deo
221 408 372 464 templumque
381 409 459 450 datum
469 420 594 462 nomenque
603 406 637 450 bit
646 407 710 461 ulto,

144 486 170 526 Et
180 484 270 526 meritus
280 484 335 526 rotis
344 483 417 525 debita
426 482 490 524 solvit
498 482 575 524 hortor.

116 558 212 601 Solemui
221 557 285 600 ludos
291 557 354 601 Circo
363 557 481 607 celebrate,
491 556 599 613 Quirites:

145 634 195 675 Nou
204 632 248 675 visa
257 643 289 675 est
300 631 380 675 fortem
390 645 455 674 scena
463 632 539 674 decere
548 624 624 674 Deum.

115 706 210 750 Pleiadas
218 707 322 762 adspiciet
331 720 420 758 omnes,
430 716 546 762 totumque
555 719 657 749 tororum

145 782 239 835 Agmen,
249 780 287 823 ubi
296 791 347 823 ante
356 781 406 823 ldus
416 793 459 822 nox
468 779 509 823 erit
519 793 563 823 una
572 793 645 836 super.

115 857 172 897 Tum
184 854 238 896 mihi
247 867 292 897 uon
301 854 374 896 dubiis
382 853 509 896 auctoribut
518 853 595 908 incipit
603 862 679 905 κείω

145 931 171 972 Et
180 929 245 985 tepidi
256 929 322 971 finem
333 939 433 989 tempurp
442 927 497 971 veris
507 928 596 972 habent

116 1003 191 1046 idibus
201 1017 239 1046 ora
248 1004 309 1060 prior
317 1003 425 1047 stellantia
435 1003 509 1045 tollere
517 1004 616 1046 Taurum
704 1008 705 1013 ’

146 1078 242 1120 Iudicat:
252 1076 303 1120 huie
312 1077 374 1133 signo
384 1075 459 1120 fabula
468 1085 520 1119 nott
529 1076 610 1119 subest.

118 1228 229 1275 Purutr,
240 1234 264 1268 ut
273 1235 361 1276 taurus,
370 1225 438 1283 Tyriae
448 1238 488 1267 tua
497 1235 556 1281 terga
565 1222 643 1280 puello

145 1299 240 1356 Jupiter,
251 1308 273 1341 et
282 1298 336 1341 falsa
345 1311 429 1341 cornua
438 1296 510 1341 fronte
520 1296 583 1349 tulit;

117 1375 156 1419 llla
162 1375 242 1431 jubam
251 1375 339 1424 dextra,
348 1375 400 1418 laeve
409 1374 517 1417 retinebat
526 1372 632 1424 amictus3

145 1451 172 1493 Et
180 1449 247 1492 timor
255 1448 301 1505 ipse
309 1448 360 1491 nori
369 1462 436 1491 eausa
443 1447 526 1490 decoris
536 1456 589 1490 erat.

117 1527 175 1571 Aura
184 1523 244 1565 sinus
253 1522 342 1579 implet:
352 1523 419 1565 ssavos
429 1532 501 1565 movet
510 1534 564 1565 tura
573 1519 672 1577 capillos.

146 1598 231 1647 Sidoni,
241 1596 271 1639 sic
280 1595 353 1640 fueras
361 1596 486 1651 arripienda
494 1594 549 1637 lori.

121 1673 179 1728 Saepe
189 1670 295 1726 puellares
304 1669 408 1712 subduxit
418 1669 446 1710 ab
455 1680 541 1723 :equore
549 1666 648 1724 pluritas,

146 1748 171 1789 Et
181 1745 259 1788 metuit
267 1754 338 1787 tactus
347 1743 465 1786 adsilientis
474 1755 547 1799 aqum:

50 1804 58 1821 ‘
117 1819 176 1874 Saepe
185 1819 241 1859 Deus
250 1818 345 1872 prudens
354 1826 441 1870 tergum
450 1813 546 1858 demittit
554 1814 578 1856 in
587 1815 673 1868 undar,

146 1893 229 1933 ilaereat
237 1899 263 1932 ut
271 1890 327 1932 collo
336 1888 415 1932 fortius
426 1888 464 1931 illa
472 1902 519 1932 suo.

117 1963 225 2006 litoribus
234 1965 297 2007 tactis
305 1964 376 2007 stabat
384 1963 431 2006 sine
440 1964 544 2006 cornibus
553 1961 604 2005 ullis

146 2036 239 2090 Jupiter.
250 2036 316 2092 inque
326 2039 394 2079 ileum
404 2038 432 2078 de
441 2037 496 2079 bore
505 2049 579 2079 versut
588 2044 643 2079 erat.

119 2108 204 2149 Taurus
213 2107 254 2151 init
263 2107 355 2151 coelum:
366 2118 398 2161 te,
407 2109 494 2162 Sidoni,
501 2107 587 2164 Jupiter
593 2107 688 2165 impletf
