1650 2584
59 192 145 244 1424.
228 189 385 232 ussussutt
403 188 539 231 AMORIS.
662 201 704 243 tuq

90 279 215 323 contrahe:
226 279 254 321 de
264 278 341 321 multis
350 277 437 333 grundis
447 291 534 320 acervus
544 276 590 319 erit.

65 355 104 396 Sed
112 354 304 410 quoniamsmores
313 352 417 402 totidem,
427 351 560 407 totidemque
569 350 654 406 figurem

92 431 143 470 Non
152 437 206 469 suut
212 426 302 483 judiciis
311 426 386 467 omnia
395 426 466 467 danda
476 426 536 467 meis.
558 469 560 472 ,

66 504 111 560 Quo
122 512 161 545 tua
171 514 217 542 non
227 509 319 556 possunt
328 498 411 541 offendi
420 509 508 554 pectora
517 498 586 549 fecto,

93 576 193 618 Forsitan
202 574 244 615 hoc
254 572 297 614 alio
303 572 378 628 judice
387 573 470 614 crimen
479 571 526 614 erit.

65 648 171 704 mequod
181 649 292 689 obscenas
302 647 325 687 in
334 655 408 700 aperto
418 658 507 700 corpore
516 654 587 700 partes

94 722 195 772 Viderut;
205 720 229 761 in
239 733 305 761 cursu
313 719 352 774 qui
362 717 415 768 fuit,
424 718 485 761 haesit
494 732 570 760 amor:

67 795 183 850 mequod,
193 808 206 835 a
216 792 306 835 Veneris
316 793 380 833 rebus
389 799 490 847 surgente
499 790 582 847 puella,

95 869 156 911 Vidit
165 868 188 909 in
198 867 315 909 immundo
324 866 386 921 signa
394 867 496 921 pudenda
506 875 561 908 toro.

68 944 160 993 tuditis,
171 956 196 992 ο,
206 942 289 996 siquos
298 950 417 996 potuerunt
426 940 467 982 ista
477 954 569 982 mouere.

94 1018 209 1061 Adflarant
219 1015 294 1071 tepidae
303 1023 390 1069 pectora
399 1023 469 1056 vestra
478 1013 541 1055 iaces.

66 1090 166 1134 tmahet
175 1087 211 1130 ille
220 1102 275 1143 puer
283 1096 396 1128 contentos
405 1085 484 1127 fortius
493 1099 555 1128 arcus
564 1099 568 1123 :

94 1165 174 1209 Saucia
183 1162 291 1218 majorem
302 1151 366 1205 tuiba
375 1160 451 1217 petetis
462 1174 532 1216 opem.

65 1240 138 1299 Quid?
147 1236 186 1293 qui
196 1235 252 1278 ciam
261 1234 337 1285 tatuit,
346 1235 448 1277 reddente
457 1234 556 1275 obscoeuu
565 1231 647 1288 puella;

95 1315 121 1356 Et
131 1310 196 1361 vidit,
205 1322 253 1365 quae
264 1322 311 1350 mos
320 1308 365 1363 ipse
374 1307 445 1350 videre
455 1311 523 1349 vetuti

67 1390 91 1430 ut
101 1377 193 1433 meiius}
203 1396 271 1440 quam
281 1396 321 1424 nos
331 1394 460 1432 moneamus
469 1379 521 1422 tatia
530 1380 675 1435 quemquam!

96 1464 124 1504 Ut
132 1458 230 1517 prosint,
240 1470 284 1498 non
294 1465 345 1499 sunt
355 1455 483 1510 experienda
493 1464 573 1496 tumen.

68 1540 147 1580 uereor
156 1545 189 1585 et,
199 1543 224 1576 ut
233 1532 313 1588 pariter
321 1531 382 1572 binas
391 1529 488 1572 habeatis
497 1529 584 1576 amicus.

96 1609 183 1652 Fortior
191 1617 234 1656 est,
243 1605 316 1663 plures
324 1604 342 1647 si
351 1603 400 1659 quis
408 1604 487 1645 habere
496 1611 572 1658 potest.

68 1687 129 1727 Secta
139 1680 242 1738 bipartito
251 1692 321 1733 quum
331 1691 393 1719 mens
402 1676 504 1719 discurrit
514 1686 615 1731 utroque;

96 1757 191 1801 Alterius
200 1756 255 1797 vires
264 1751 373 1795 subtrahit
381 1751 435 1794 ulter
443 1763 513 1792 amor.

69 1830 164 1876 Grandia
173 1841 211 1884 per
221 1826 302 1868 multos
312 1833 430 1867 tenuantur
439 1821 531 1864 flumina
540 1821 607 1875 rivos,

99 1908 206 1959 (lassaque
216 1902 305 1943 seducto
314 1898 386 1954 stipite
395 1897 486 1959 flamma
494 1895 556 1951 perit.

68 1983 120 2023 Non
130 1977 181 2020 satis
191 1988 236 2017 una
244 1983 303 2016 tenet
311 1981 393 2014 ceratas
402 1983 482 2011 ancora
491 1981 585 2024 puppes=

99 2056 149 2096 Nou
158 2050 211 2093 satis
219 2058 252 2090 est
260 2046 348 2101 liquidis
357 2044 435 2086 unicus
444 2042 523 2084 hamus
532 2041 600 2097 aquis.

65 2127 112 2187 Qui
122 2125 163 2167 sibi
169 2120 313 2180 jampridem
323 2116 400 2160 solatia
409 2115 460 2158 bina
469 2115 563 2171 paravit,

92 2204 146 2246 Jam
155 2198 241 2256 pridem
249 2207 339 2238 summa
348 2192 416 2234 victor
425 2191 448 2232 iu
456 2203 505 2233 aree
514 2188 563 2234 init.
