1650 2584
109 190 148 245 ¹9⁸
334 188 517 230 PASTORUM
662 202 683 230 v.
697 190 750 245 ⁵93·

106 276 217 322 Consulite
226 274 347 321 ambobus:
358 290 408 320 nem
419 291 467 332 quae
477 290 527 319 mea
535 289 615 334 magua
623 275 738 334 voluptas,

136 351 219 395 Utilitas
229 361 302 394 vestrae
312 363 391 407 magua
400 349 480 393 sororis
489 351 536 393 erit

106 424 151 466 Vos
160 423 191 466 iiii
201 424 223 466 iu
233 424 303 481 prima
313 423 404 479 fugienti
412 423 509 466 obsistite
518 422 576 479 ripa,

134 497 167 539 Ne
175 510 215 539 sua
224 496 329 540 fluminea
338 509 429 553 corpora
439 505 523 552 mergat
531 509 595 552 aqua.

105 568 202 613 Dixerat:
213 570 337 612 eduueruut
346 581 423 611 omnes
431 568 565 612 Tiberinides
574 569 632 620 udae,

134 644 228 698 Quaeque
238 642 313 685 colunt
323 641 440 693 thalamos,
449 641 488 684 llie
497 642 558 694 diva,
568 652 624 685 tuos.

104 717 168 758 Forte
177 715 219 759 fuit
228 716 291 765 Nais.
300 718 353 759 Lare
362 717 465 758 nomine:
476 716 547 771 prima
556 717 593 758 sed
602 715 632 758 iili

133 788 194 830 Dicta
202 788 235 830 bis
243 788 360 844 anttim
369 787 451 845 eyiiaha
462 801 542 830 nomeu
551 797 608 840 erat,

104 862 134 905 Ex
144 862 195 904 vitiu
204 862 306 918 positum.
317 863 375 918 Saepe
384 861 416 904 iiii
425 861 507 904 dixerat
517 860 590 913 Almo,

134 936 201 984 Nem,
211 944 259 977 tene
268 934 378 990 linguam:
389 948 429 976 nec
439 944 513 977 tamen
522 934 559 977 iiia
569 944 633 978 tenet.

105 1008 168 1064 Quae.
177 1007 243 1049 simui
252 1021 277 1049 ac
287 1006 356 1062 tetigit
363 1009 462 1050 iuturnae
471 1017 547 1063 stagna
554 1007 645 1059 sororis,

134 1080 222 1137 Effuge,
231 1081 270 1133 ait,
281 1082 350 1138 ripae:
361 1081 419 1124 dieta
427 1081 535 1137 refertque
543 1082 607 1125 iovis.

104 1152 142 1197 illa
152 1154 218 1197 etiam
227 1157 336 1197 iunonem
345 1154 411 1197 adiit:
423 1154 565 1210 miserataque
574 1164 678 1211 nuptam,

134 1226 204 1269 Naida
213 1229 330 1272 iuturuam
339 1228 372 1269 vir
381 1236 443 1277 tuus,
454 1226 536 1282 inquit,
545 1236 611 1269 emat.

104 1300 188 1358 Jupiter
197 1300 312 1352 intumuit;
322 1313 408 1356 quaque
418 1310 503 1342 estnon
513 1314 551 1343 usa
561 1301 668 1352 modeste,

133 1374 217 1431 Eripuit
225 1375 333 1430 linguam,
343 1374 518 1429 Mercuriumque
528 1384 614 1418 mouet:

104 1452 162 1502 nuc,
171 1450 213 1497 ait,
223 1451 251 1492 ad
260 1452 343 1499 Manes;
353 1450 413 1493 iocus
422 1449 457 1491 iiie
467 1450 579 1492 silentibus
588 1460 663 1507 aptus:

134 1524 247 1581 Nympha,
256 1526 293 1566 sed
302 1523 391 1566 inferne
401 1524 503 1581 Nympha
511 1524 608 1580 paludis,
616 1523 664 1567 erit.

105 1600 168 1641 Jussa
176 1597 233 1640 iovis
242 1596 312 1640 fiunt:
322 1597 404 1654 accepit
414 1597 475 1639 lucus
484 1608 566 1640 euntes.

133 1672 216 1716 Dicitur
225 1672 261 1714 illa
270 1672 320 1715 duci
329 1683 377 1715 tum
387 1672 492 1728 placuisse
500 1674 550 1715 Deo.

104 1746 155 1789 Vim
166 1755 227 1801 peret
236 1745 283 1787 hie:
293 1745 355 1788 vultu
365 1759 404 1802 pro
413 1746 483 1788 verbis
492 1745 528 1787 iiie
536 1755 644 1802 precatur,

117 1844 119 1849 ,
132 1821 158 1861 Et
168 1817 248 1861 frustra
257 1829 320 1861 muto
329 1818 406 1861 nititur
415 1832 452 1860 ore
461 1817 528 1874 ioqui.

102 1893 179 1947 Fitque
188 1891 267 1947 gravis,
277 1892 417 1947 geminosque
426 1891 494 1947 parit,
502 1891 540 1946 qui
549 1892 645 1948 compita
654 1904 752 1948 serim,

131 1968 157 2009 Et
166 1963 253 2020 vigilent
263 1974 336 2008 nostra
344 1979 430 2021 temper
439 1966 462 2008 in
471 1966 537 2017 urbe,
546 1968 615 2008 Lares.

102 2114 201 2156 Promea
211 2112 295 2169 cognati
304 2112 376 2154 dixere
384 2111 474 2155 Caristia
483 2112 537 2160 cari,

131 2189 157 2231 Et
166 2187 223 2231 venit
232 2187 260 2230 ad
268 2186 337 2229 socias
346 2187 411 2229 turba
420 2185 542 2242 propinqua
551 2186 622 2241 dapes.
