1650 2584
126 206 156 258 st
296 206 394 248 tants
411 203 594 246 ιιιιτοιιιι
682 201 769 255 troo.

156 297 218 338 Casta
227 294 280 348 tuin
290 296 341 339 vitio
351 306 383 339 est
391 295 491 351 improba
501 293 558 336 nen
566 292 614 336 viri.

127 369 240 421 Audierat,
249 370 380 425 laurumque
390 383 458 411 manu
468 368 573 423 vittasque
583 366 689 409 terentem

156 445 197 484 Pro
206 452 257 485 nata
265 443 359 500 Chrysen
368 457 413 485 non
423 440 513 484 valuisse
522 454 569 482 sua.

128 516 241 567 Audierat,
250 516 348 574 Lyrnesi,
358 526 418 564 tuos,
427 515 531 565 abducta,
542 512 637 564 dolores3

157 589 255 644 Bellaque
264 603 302 645 per
311 599 383 644 turpes
392 587 478 643 longius
487 587 527 629 isse
537 599 616 627 moras.

105 674 114 687 ·
129 667 176 708 ttaec
187 674 260 706 tamen
269 663 379 706 audierat:
389 662 509 704 Priameide
518 661 599 702 viderat
607 660 685 716 ipsam.

158 738 233 780 Victor
241 751 288 780 eras
297 738 372 793 praedae
381 737 454 792 praeda
462 736 563 790 pudenda
573 744 622 776 tute.

130 811 182 853 Inde
191 810 333 867 Thyestiaden
343 809 482 863 thalamoque
490 808 608 862 animoque
618 806 709 862 recepit;

160 885 186 926 Et
195 883 251 925 maie
260 893 385 940 peccantem
394 880 498 938 Tyndaris
507 879 553 922 uita
562 879 641 921 virum.

132 960 184 1016 Quae
193 958 248 998 hene
257 956 343 1006 calaris,
352 955 423 1010 siqua
433 964 505 996 tamen
515 962 562 995 acta
571 953 690 1007 patebunt,

161 1032 199 1074 liia
209 1031 258 1073 lieet
266 1038 364 1086 pateant,
375 1039 399 1071 tu
409 1038 482 1070 tamen
493 1039 561 1080 usque
571 1039 631 1079 nega.

133 1109 190 1149 Tum
200 1118 270 1159 neque
279 1102 400 1158 subjectus,
409 1100 473 1143 solito
482 1113 521 1141 nec
531 1098 631 1140 blandior
639 1108 692 1140 este.

162 1180 209 1220 Haec
219 1177 286 1219 animi
296 1175 392 1217 multum
401 1173 463 1229 signa
471 1171 567 1214 nocentis
576 1170 666 1212 habent.

134 1253 175 1296 Sed
183 1251 244 1294 lateri
254 1263 293 1291 nec
303 1262 366 1305 parce
377 1258 422 1290 tuo.
432 1250 474 1288 Pax
482 1245 553 1287 omnis
563 1244 586 1286 in
595 1257 640 1286 une

163 1325 299 1371 Concubitu:
308 1324 367 1380 prior
376 1324 417 1364 hnc
426 1308 542 1364 inficianda
552 1321 632 1362 Venus.

135 1406 200 1451 Sunt.
209 1399 247 1457 qui
256 1399 381 1455 precipiam
391 1397 478 1445 herbas,
488 1393 592 1444 satureia,
602 1403 706 1436 nocentes

165 1478 254 1518 Sumere
264 1470 362 1529 (judiciis
371 1470 411 1512 ista
421 1481 502 1511 venena
511 1465 591 1522 meis):

135 1553 178 1594 hut
186 1549 247 1605 piper
256 1546 329 1589 urtica
339 1543 446 1586 mordacis
456 1541 537 1584 semine
546 1539 649 1592 miseen15

165 1622 267 1677 Tritaque
276 1619 298 1661 in
308 1632 390 1660 annoso
400 1616 456 1658 flava
464 1613 565 1671 pyrethra
574 1626 643 1654 mern.

136 1699 177 1742 Sed
185 1699 228 1740 nea
236 1708 281 1737 non
290 1694 372 1750 patitur
380 1692 410 1735 sie
420 1692 447 1734 ad
456 1704 496 1733 sua
505 1688 582 1745 gaudia
592 1687 652 1744 engi,

166 1769 223 1814 Colle
232 1769 273 1810 snb
284 1767 387 1809 umbroso
396 1777 464 1821 quam
474 1771 532 1805 tenet
540 1761 597 1804 altus
605 1762 668 1817 Eryx.

136 1845 256 1894 Candidus,
266 1841 362 1885 Alcathoi
371 1839 409 1896 qui
419 1838 513 1880 mittitur
522 1837 576 1878 urbe
585 1835 683 1891 Pelasga,

167 1919 260 1966 Bulbus,
269 1926 301 1964 et,
311 1915 408 1956 exhorta
418 1925 466 1968 que
475 1910 543 1959 venit,
553 1909 620 1951 herba
629 1907 701 1960 salax,

138 1995 227 2047 Ovaque
235 1997 364 2031 sumantur:
374 1993 490 2028 sumantur
499 1980 606 2038 Hymettia
616 1979 694 2032 melia,

169 2066 269 2122 Quasque
279 2058 329 2102 tulit
337 2057 390 2099 folin
399 2057 464 2112 pinus
473 2063 537 2096 acuta
546 2066 617 2095 nuces.

141 2138 218 2184 Docta,
228 2131 281 2188 qnid
291 2131 318 2172 ad
328 2129 433 2178 medicas,
442 2129 516 2177 Erato,
525 2125 640 2168 deverteris
649 2131 720 2169 artes!

170 2208 261 2255 interior
270 2218 337 2249 curru
345 2213 404 2247 meta
414 2202 501 2246 terenda
510 2215 559 2244 mee
568 2210 606 2244 est.
