1650 2584
131 163 165 215 76·
301 163 398 205 ARTIS
417 162 601 204 AMATOBIAE
687 179 708 206 r.
724 169 773 220 ¹⁸4·

161 254 187 294 Et
196 264 235 294 sua
243 251 356 295 velleribus
366 253 457 295 nomina
466 266 513 295 cera
523 252 588 295 dedit.

131 327 190 385 Quot
199 340 254 369 nora
264 338 320 370 terra
329 326 386 384 parit
395 327 469 380 dores,
479 341 549 383 quum
558 341 607 369 rere
616 329 700 384 tepenti

161 400 216 443 Vitia
225 401 269 457 agit
278 415 386 458 gemmas,
396 402 499 457 pigraque
509 401 564 444 cedit
573 400 644 443 hiems
653 418 658 443 r

132 475 190 517 Lana
199 484 242 525 tot,
252 484 291 516 aut
300 474 371 530 plures
380 487 456 517 succos
466 460 527 517 hibitss
537 473 594 530 Elige
603 484 687 517 certos:

162 549 218 589 Nam
228 562 273 589 non
281 547 409 591 conveniens
419 548 522 590 omnibus
532 548 604 590 omnis
613 546 661 590 erit

133 619 192 662 Pulla
201 621 278 663 decent
286 621 358 662 niveas
367 636 371 661 :
381 621 474 663 Briseida
483 620 542 676 puna
551 622 664 663 decebant.

162 695 236 751 Quum
246 703 307 750 rapta
316 702 359 745 eat,
368 693 429 750 puna
439 704 486 736 tum
495 707 582 749 quoquae
591 704 649 743 reste
659 693 710 738 suit

134 767 188 810 Alba
196 770 272 811 decent
281 767 364 810 fuscas:
375 767 440 819 albis,
449 768 539 823 Cephei,
548 768 661 825 placebas:

162 841 195 883 Sic
205 841 244 883 ribi
254 840 333 884 vestitae
342 855 413 897 pressa
423 842 521 898 Seriphos
530 851 582 885 erat.

133 918 204 975 Quam
213 930 273 972 piene
282 917 398 967 admonui,
407 930 435 959 ne
445 924 495 959 trux
503 931 567 973 caper
576 917 617 960 iret
625 917 649 960 in
658 917 715 970 aiau

164 992 222 1033 Neve
231 988 303 1033 forent
311 990 371 1031 duria
381 1003 456 1046 aspera
465 1004 528 1033 crura
538 990 597 1047 pilia!

134 1065 175 1107 Sed
185 1078 229 1106 non
237 1065 344 1106 Caucasea
353 1064 421 1106 doceo
430 1066 456 1107 de
466 1078 519 1121 rupe
527 1064 622 1122 puellas,

164 1140 258 1194 Quaque
268 1138 343 1180 bibant
352 1139 433 1189 undas,
443 1140 501 1195 Myse
508 1138 581 1191 Caice,
592 1148 648 1182 tuas.

136 1211 204 1270 Quid!
214 1212 231 1252 si
241 1210 375 1268 praecipiam,
385 1224 412 1252 ne
422 1209 493 1253 fuscet
501 1211 578 1253 inertia
587 1211 674 1264 dentee;

164 1286 248 1339 Oraque
257 1291 355 1338 suscepta
364 1296 429 1325 mane
437 1283 536 1325 laventur
544 1289 613 1339 aqua?

136 1357 198 1400 Scitis
207 1367 228 1399 ct
237 1356 326 1399 inducta
335 1356 452 1398 candorem
461 1369 556 1410 quaerere
565 1366 631 1399 creta.

165 1430 329 1486 Sanguineque
338 1442 389 1470 vero
398 1442 443 1470 non
453 1430 527 1480 rubet,
536 1438 582 1472 arte
592 1430 663 1472 rubet.

136 1508 185 1548 irre
194 1503 302 1560 supercilii
311 1502 405 1545 confinia
414 1503 474 1545 nuda
484 1502 581 1558 repletis,

165 1581 273 1633 Parvaque
283 1577 375 1618 sinceras
385 1575 441 1618 velat
449 1575 509 1618 aluta
518 1589 590 1631 genas.

136 1652 181 1692 Nec
191 1650 263 1705 pudor
270 1658 302 1692 est
311 1647 385 1690 oculos
395 1649 454 1690 tenui
464 1648 547 1704 signare
556 1648 641 1701 favilla3

166 1723 205 1767 Vel
215 1736 281 1780 prope
292 1733 312 1766 te
321 1733 385 1775 nato,
394 1722 465 1765 lucide
473 1723 555 1780 Cydne,
566 1736 637 1765 croco.

138 1800 174 1841 ast
183 1797 249 1848 mihi,
258 1810 302 1852 quo
311 1796 355 1838 dixi
364 1806 439 1839 vestre
448 1796 593 1838 medicamina
603 1795 692 1851 forme,

166 1874 256 1920 Parvus,
265 1872 301 1913 sed
311 1884 363 1913 cura
372 1872 452 1927 grande
462 1870 547 1912 libellus
556 1884 618 1927 opus.

138 1946 190 1988 Hinc
199 1957 286 2000 quoque
294 1944 419 2000 presidium
428 1944 481 1987 laesae
490 1945 579 2000 petitote
589 1943 678 2000 figurae:

167 2020 217 2060 Non
226 2028 258 2060 est
267 2030 307 2073 pro
317 2017 391 2060 vestris
400 2032 434 2060 ars
444 2031 492 2059 mea
502 2018 566 2060 rebus
575 2017 640 2060 iners.

139 2093 189 2133 Non
200 2103 272 2145 tamen
282 2091 386 2146 expositas
396 2105 470 2134 mensa
480 2093 597 2148 deprendat
606 2103 694 2137 amator

169 2164 269 2220 Pyxidas:
280 2176 314 2207 ara
324 2162 401 2208 Faciem
410 2164 621 2221 dissimulaaajuvat.
