<?xml version="1.0" encoding="UTF-8"?>
<!DOCTYPE html PUBLIC "-//W3C//DTD XHTML 1.0 Transitional//EN"
    "http://www.w3.org/TR/xhtml1/DTD/xhtml1-transitional.dtd">
<html xmlns="http://www.w3.org/1999/xhtml" xml:lang="en" lang="en">
 <head>
  <title>
</title>
<meta http-equiv="Content-Type" content="text/html;charset=utf-8" />
  <meta name='ocr-system' content='tesseract 3.04.00' />
  <meta name='ocr-capabilities' content='ocr_page ocr_carea ocr_par ocr_line ocrx_word'/>
</head>
<body>
  <div class='ocr_page' id='page_1' title='image "./opera01accugoog_0123.png"; bbox 0 0 1650 2584; ppageno 0'>
   <div class='ocr_carea' id='block_1_1' title="bbox 10 146 693 197">
    <p class='ocr_par' dir='ltr' id='par_1_1' title="bbox 10 146 693 197">
     <span class='ocr_line' id='line_1_1' title="bbox 10 146 693 197; baseline 0.006 -4"><span class='ocrx_word' id='word_1_1' title='bbox 10 146 134 195; x_wconf 66' lang='grc' dir='ltr'><strong>ἰδδῦ.</strong></span> <span class='ocrx_word' id='word_1_2' title='bbox 218 149 530 195; x_wconf 68' lang='lat' dir='ltr'><strong>annuntiantum.</strong></span> <span class='ocrx_word' id='word_1_3' title='bbox 655 159 693 197; x_wconf 68' lang='grc' dir='ltr'><strong>ης</strong></span> 
     </span>
    </p>
   </div>
   <div class='ocr_carea' id='block_1_2' title="bbox 49 238 665 2274">
    <p class='ocr_par' dir='ltr' id='par_1_2' title="bbox 84 238 556 300">
     <span class='ocr_line' id='line_1_2' title="bbox 84 238 556 300; baseline -0.002 -17"><span class='ocrx_word' id='word_1_4' title='bbox 84 243 134 300; x_wconf 78' lang='lat' dir='ltr'><strong>Quae</strong></span> <span class='ocrx_word' id='word_1_5' title='bbox 144 238 223 282; x_wconf 83' lang='lat' dir='ltr'><strong>relevet</strong></span> <span class='ocrx_word' id='word_1_6' title='bbox 231 239 316 290; x_wconf 80' lang='lat' dir='ltr'><strong>luctus,</strong></span> <span class='ocrx_word' id='word_1_7' title='bbox 327 239 392 281; x_wconf 86' lang='lat' dir='ltr'><strong>turba</strong></span> <span class='ocrx_word' id='word_1_8' title='bbox 399 240 479 283; x_wconf 82' lang='lat' dir='ltr'><strong>sodalis</strong></span> <span class='ocrx_word' id='word_1_9' title='bbox 488 242 556 284; x_wconf 81' lang='lat' dir='ltr'><strong>abest.</strong></span> 
     </span>
    </p>

    <p class='ocr_par' dir='ltr' id='par_1_3' title="bbox 59 313 620 431">
     <span class='ocr_line' id='line_1_3' title="bbox 59 313 620 371; baseline 0 -14"><span class='ocrx_word' id='word_1_10' title='bbox 59 315 98 357; x_wconf 86' lang='lat' dir='ltr'><strong>llec</strong></span> <span class='ocrx_word' id='word_1_11' title='bbox 108 315 158 371; x_wconf 72' lang='lat' dir='ltr'><strong>iuge</strong></span> <span class='ocrx_word' id='word_1_12' title='bbox 168 313 317 369; x_wconf 85' lang='lat' dir='ltr'><strong>colloquium:</strong></span> <span class='ocrx_word' id='word_1_13' title='bbox 328 327 368 354; x_wconf 90' lang='lat' dir='ltr'><strong>nec</strong></span> <span class='ocrx_word' id='word_1_14' title='bbox 376 313 403 356; x_wconf 89' lang='lat' dir='ltr'><strong>sit</strong></span> <span class='ocrx_word' id='word_1_15' title='bbox 412 314 451 356; x_wconf 89' lang='lat' dir='ltr'><strong>tibi</strong></span> <span class='ocrx_word' id='word_1_16' title='bbox 459 315 529 370; x_wconf 81' lang='lat' dir='ltr'><strong>janua</strong></span> <span class='ocrx_word' id='word_1_17' title='bbox 538 315 620 359; x_wconf 83' lang='lat' dir='ltr'><strong>clausa:</strong></span> 
     </span>
     <span class='ocr_line' id='line_1_4' title="bbox 83 385 534 431; baseline 0 0"><span class='ocrx_word' id='word_1_18' title='bbox 83 390 126 431; x_wconf 84' lang='lat' dir='ltr'><strong>Nec</strong></span> <span class='ocrx_word' id='word_1_19' title='bbox 137 387 231 430; x_wconf 87' lang='lat' dir='ltr'><strong>tenebris</strong></span> <span class='ocrx_word' id='word_1_20' title='bbox 241 386 315 429; x_wconf 83' lang='lat' dir='ltr'><strong>vultus</strong></span> <span class='ocrx_word' id='word_1_21' title='bbox 325 385 402 429; x_wconf 86' lang='lat' dir='ltr'><strong>flebilis</strong></span> <span class='ocrx_word' id='word_1_22' title='bbox 411 387 468 429; x_wconf 88' lang='lat' dir='ltr'><strong>abde</strong></span> <span class='ocrx_word' id='word_1_23' title='bbox 478 398 534 431; x_wconf 86' lang='lat' dir='ltr'><strong>tuos.</strong></span> 
     </span>
    </p>

    <p class='ocr_par' dir='ltr' id='par_1_4' title="bbox 57 459 608 592">
     <span class='ocr_line' id='line_1_5' title="bbox 57 459 608 518; baseline 0 -14"><span class='ocrx_word' id='word_1_24' title='bbox 57 463 141 518; x_wconf 81' lang='lat' dir='ltr'><strong>Semper</strong></span> <span class='ocrx_word' id='word_1_25' title='bbox 150 461 207 503; x_wconf 89' lang='lat' dir='ltr'><strong>habe</strong></span> <span class='ocrx_word' id='word_1_26' title='bbox 216 460 322 517; x_wconf 77' lang='lat' dir='ltr'>Pyladen,</span> <span class='ocrx_word' id='word_1_27' title='bbox 332 459 370 514; x_wconf 89' lang='lat' dir='ltr'><strong>qui</strong></span> <span class='ocrx_word' id='word_1_28' title='bbox 379 461 504 503; x_wconf 82' lang='lat' dir='ltr'><strong>consoletur</strong></span> <span class='ocrx_word' id='word_1_29' title='bbox 513 464 608 506; x_wconf 76' lang='lat' dir='ltr'><strong>Oresten,</strong></span> 
     </span>
     <span class='ocr_line' id='line_1_6' title="bbox 83 532 561 592; baseline 0 -14"><span class='ocrx_word' id='word_1_30' title='bbox 83 537 119 579; x_wconf 85' lang='lat' dir='ltr'><strong>llic</strong></span> <span class='ocrx_word' id='word_1_31' title='bbox 128 548 217 592; x_wconf 87' lang='lat' dir='ltr'><strong>quoque</strong></span> <span class='ocrx_word' id='word_1_32' title='bbox 227 532 329 576; x_wconf 72' lang='lat' dir='ltr'><strong>amicitiai</strong></span> <span class='ocrx_word' id='word_1_33' title='bbox 339 547 382 575; x_wconf 90' lang='lat' dir='ltr'><strong>non</strong></span> <span class='ocrx_word' id='word_1_34' title='bbox 392 533 443 575; x_wconf 86' lang='lat' dir='ltr'><strong>levis</strong></span> <span class='ocrx_word' id='word_1_35' title='bbox 453 548 505 577; x_wconf 87' lang='lat' dir='ltr'><strong>usus</strong></span> <span class='ocrx_word' id='word_1_36' title='bbox 515 536 561 579; x_wconf 87' lang='lat' dir='ltr'><strong>erit.</strong></span> 
     </span>
    </p>

    <p class='ocr_par' dir='ltr' id='par_1_5' title="bbox 57 594 550 726">
     <span class='ocr_line' id='line_1_7' title="bbox 57 594 550 669; baseline -0.004 -16"><span class='ocrx_word' id='word_1_37' title='bbox 57 611 110 669; x_wconf 71' lang='lat' dir='ltr'><strong>Quid</strong></span> <span class='ocrx_word' id='word_1_38' title='bbox 120 609 162 652; x_wconf 84' lang='lat' dir='ltr'><strong>nisi</strong></span> <span class='ocrx_word' id='word_1_39' title='bbox 170 618 257 651; x_wconf 79' lang='lat' dir='ltr'><strong>secretae</strong></span> <span class='ocrx_word' id='word_1_40' title='bbox 266 606 368 650; x_wconf 65' lang='lat' dir='ltr'><strong>leserunt</strong></span> <span class='ocrx_word' id='word_1_41' title='bbox 377 606 473 664; x_wconf 77' lang='lat' dir='ltr'><strong>Phyllida</strong></span> <span class='ocrx_word' id='word_1_42' title='bbox 481 594 550 652; x_wconf 74' lang='lat' dir='ltr'><strong>silva?</strong></span> 
     </span>
     <span class='ocr_line' id='line_1_8' title="bbox 83 674 538 726; baseline -0.004 0"><span class='ocrx_word' id='word_1_43' title='bbox 83 686 145 726; x_wconf 77' lang='lat' dir='ltr'><strong>certa</strong></span> <span class='ocrx_word' id='word_1_44' title='bbox 156 674 289 724; x_wconf 75' lang='lat' dir='ltr'><strong>necis&#39;causa</strong></span> <span class='ocrx_word' id='word_1_45' title='bbox 297 689 330 722; x_wconf 87' lang='lat' dir='ltr'><strong>est</strong></span> <span class='ocrx_word' id='word_1_46' title='bbox 338 697 343 721; x_wconf 76' lang='lat' dir='ltr'><strong>t</strong></span> <span class='ocrx_word' id='word_1_47' title='bbox 352 680 480 724; x_wconf 77' lang='lat' dir='ltr'><strong>incomitata</strong></span> <span class='ocrx_word' id='word_1_48' title='bbox 489 681 538 725; x_wconf 84' lang='lat' dir='ltr'><strong>fuit.</strong></span> 
     </span>
    </p>

    <p class='ocr_par' dir='ltr' id='par_1_6' title="bbox 57 752 544 872">
     <span class='ocr_line' id='line_1_9' title="bbox 57 752 544 807; baseline 0 -9"><span class='ocrx_word' id='word_1_49' title='bbox 57 757 111 807; x_wconf 80' lang='lat' dir='ltr'><strong>Ibat,</strong></span> <span class='ocrx_word' id='word_1_50' title='bbox 121 766 147 798; x_wconf 88' lang='lat' dir='ltr'><strong>ut</strong></span> <span class='ocrx_word' id='word_1_51' title='bbox 158 755 231 797; x_wconf 83' lang='lat' dir='ltr'><strong>Edono</strong></span> <span class='ocrx_word' id='word_1_52' title='bbox 241 752 336 795; x_wconf 81' lang='lat' dir='ltr'><strong>referens</strong></span> <span class='ocrx_word' id='word_1_53' title='bbox 347 753 453 796; x_wconf 80' lang='lat' dir='ltr'><strong>trieterica</strong></span> <span class='ocrx_word' id='word_1_54' title='bbox 462 755 544 798; x_wconf 86' lang='lat' dir='ltr'><strong>Baccho</strong></span> 
     </span>
     <span class='ocr_line' id='line_1_10' title="bbox 83 827 504 872; baseline -0.007 0"><span class='ocrx_word' id='word_1_55' title='bbox 83 833 114 872; x_wconf 84' lang='lat' dir='ltr'><strong>lte</strong></span> <span class='ocrx_word' id='word_1_56' title='bbox 124 828 179 872; x_wconf 82' lang='lat' dir='ltr'><strong>solet</strong></span> <span class='ocrx_word' id='word_1_57' title='bbox 188 827 242 870; x_wconf 80' lang='lat' dir='ltr'><strong>fusis</strong></span> <span class='ocrx_word' id='word_1_58' title='bbox 252 827 346 869; x_wconf 86' lang='lat' dir='ltr'><strong>harhara</strong></span> <span class='ocrx_word' id='word_1_59' title='bbox 356 828 420 869; x_wconf 87' lang='lat' dir='ltr'><strong>turha</strong></span> <span class='ocrx_word' id='word_1_60' title='bbox 429 828 504 870; x_wconf 83' lang='lat' dir='ltr'><strong>comis.</strong></span> 
     </span>
    </p>

    <p class='ocr_par' dir='ltr' id='par_1_7' title="bbox 57 899 665 1028">
     <span class='ocr_line' id='line_1_11' title="bbox 57 899 665 960; baseline 0 -14"><span class='ocrx_word' id='word_1_61' title='bbox 57 905 81 946; x_wconf 83' lang='lat' dir='ltr'><strong>Et</strong></span> <span class='ocrx_word' id='word_1_62' title='bbox 90 903 167 953; x_wconf 87' lang='lat' dir='ltr'><strong>modo,</strong></span> <span class='ocrx_word' id='word_1_63' title='bbox 176 916 220 957; x_wconf 91' lang='lat' dir='ltr'><strong>qua</strong></span> <span class='ocrx_word' id='word_1_64' title='bbox 230 910 326 957; x_wconf 87' lang='lat' dir='ltr'><strong>poterat,</strong></span> <span class='ocrx_word' id='word_1_65' title='bbox 336 899 426 955; x_wconf 75' lang='lat' dir='ltr'><strong>longum</strong></span> <span class='ocrx_word' id='word_1_66' title='bbox 436 902 545 957; x_wconf 81' lang='lat' dir='ltr'><strong>spectabat</strong></span> <span class='ocrx_word' id='word_1_67' title='bbox 554 902 576 945; x_wconf 89' lang='lat' dir='ltr'><strong>in</strong></span> <span class='ocrx_word' id='word_1_68' title='bbox 586 917 665 960; x_wconf 75' lang='lat' dir='ltr'><strong>nquor·</strong></span> 
     </span>
     <span class='ocr_line' id='line_1_12' title="bbox 84 973 523 1028; baseline -0.005 -9"><span class='ocrx_word' id='word_1_69' title='bbox 84 979 148 1019; x_wconf 81' lang='lat' dir='ltr'><strong>Nunc</strong></span> <span class='ocrx_word' id='word_1_70' title='bbox 158 975 180 1017; x_wconf 94' lang='lat' dir='ltr'><strong>in</strong></span> <span class='ocrx_word' id='word_1_71' title='bbox 189 988 280 1017; x_wconf 87' lang='lat' dir='ltr'><strong>arenosa</strong></span> <span class='ocrx_word' id='word_1_72' title='bbox 289 974 345 1015; x_wconf 85' lang='lat' dir='ltr'><strong>lassa</strong></span> <span class='ocrx_word' id='word_1_73' title='bbox 350 973 438 1028; x_wconf 87' lang='lat' dir='ltr'><strong>jacebat</strong></span> <span class='ocrx_word' id='word_1_74' title='bbox 448 975 523 1017; x_wconf 87' lang='lat' dir='ltr'><strong>humo.</strong></span> 
     </span>
    </p>

    <p class='ocr_par' dir='ltr' id='par_1_8' title="bbox 55 1033 627 1180">
     <span class='ocr_line' id='line_1_13' title="bbox 55 1033 627 1104; baseline 0.002 -12"><span class='ocrx_word' id='word_1_75' title='bbox 55 1050 134 1092; x_wconf 83' lang='lat' dir='ltr'><strong>Perfide</strong></span> <span class='ocrx_word' id='word_1_76' title='bbox 145 1048 299 1104; x_wconf 83' lang='lat' dir='ltr'><strong>Demophoon,</strong></span> <span class='ocrx_word' id='word_1_77' title='bbox 308 1033 502 1091; x_wconf 82' lang='lat' dir='ltr'><strong>surdasclarnabat</strong></span> <span class='ocrx_word' id='word_1_78' title='bbox 511 1050 538 1091; x_wconf 93' lang='lat' dir='ltr'><strong>ad</strong></span> <span class='ocrx_word' id='word_1_79' title='bbox 548 1051 627 1093; x_wconf 84' lang='lat' dir='ltr'><strong>undas.-</strong></span> 
     </span>
     <span class='ocr_line' id='line_1_14' title="bbox 83 1120 556 1180; baseline -0.004 -14"><span class='ocrx_word' id='word_1_80' title='bbox 83 1126 197 1180; x_wconf 77' lang='lat' dir='ltr'><strong>Ruptaque</strong></span> <span class='ocrx_word' id='word_1_81' title='bbox 206 1121 304 1178; x_wconf 77' lang='lat' dir='ltr'><strong>singultu</strong></span> <span class='ocrx_word' id='word_1_82' title='bbox 314 1120 378 1162; x_wconf 84' lang='lat' dir='ltr'><strong>verba</strong></span> <span class='ocrx_word' id='word_1_83' title='bbox 388 1121 479 1164; x_wconf 91' lang='lat' dir='ltr'><strong>dolentis</strong></span> <span class='ocrx_word' id='word_1_84' title='bbox 489 1133 556 1165; x_wconf 88' lang='lat' dir='ltr'><strong>erant.</strong></span> 
     </span>
    </p>

    <p class='ocr_par' dir='ltr' id='par_1_9' title="bbox 55 1193 620 1328">
     <span class='ocr_line' id='line_1_15' title="bbox 55 1193 620 1249; baseline -0.004 -9"><span class='ocrx_word' id='word_1_85' title='bbox 55 1198 124 1240; x_wconf 78' lang='lat' dir='ltr'><strong>Limes</strong></span> <span class='ocrx_word' id='word_1_86' title='bbox 134 1207 179 1238; x_wconf 84' lang='lat' dir='ltr'><strong>erat</strong></span> <span class='ocrx_word' id='word_1_87' title='bbox 191 1195 274 1245; x_wconf 83' lang='lat' dir='ltr'><strong>tenuis,</strong></span> <span class='ocrx_word' id='word_1_88' title='bbox 283 1193 347 1249; x_wconf 75' lang='lat' dir='ltr'><strong>longa</strong></span> <span class='ocrx_word' id='word_1_89' title='bbox 356 1194 486 1237; x_wconf 77' lang='lat' dir='ltr'><strong>subnubilus</strong></span> <span class='ocrx_word' id='word_1_90' title='bbox 496 1197 585 1249; x_wconf 83' lang='lat' dir='ltr'><strong>umbra,</strong></span> <span class='ocrx_word' id='word_1_91' title='bbox 617 1195 620 1204; x_wconf 80' lang='grc'><em>’</em></span> 
     </span>
     <span class='ocr_line' id='line_1_16' title="bbox 82 1267 549 1328; baseline -0.002 -16"><span class='ocrx_word' id='word_1_92' title='bbox 82 1272 131 1328; x_wconf 76' lang='lat' dir='ltr'><strong>Quo</strong></span> <span class='ocrx_word' id='word_1_93' title='bbox 142 1269 192 1311; x_wconf 83' lang='lat' dir='ltr'><strong>tulit</strong></span> <span class='ocrx_word' id='word_1_94' title='bbox 201 1267 238 1310; x_wconf 87' lang='lat' dir='ltr'><strong>illa</strong></span> <span class='ocrx_word' id='word_1_95' title='bbox 247 1280 298 1309; x_wconf 88' lang='lat' dir='ltr'><strong>suos</strong></span> <span class='ocrx_word' id='word_1_96' title='bbox 309 1267 336 1308; x_wconf 86' lang='lat' dir='ltr'><strong>ad</strong></span> <span class='ocrx_word' id='word_1_97' title='bbox 346 1281 406 1309; x_wconf 85' lang='lat' dir='ltr'><strong>mare</strong></span> <span class='ocrx_word' id='word_1_98' title='bbox 415 1282 469 1323; x_wconf 79' lang='lat' dir='ltr'><strong>saepe</strong></span> <span class='ocrx_word' id='word_1_99' title='bbox 479 1270 549 1324; x_wconf 87' lang='lat' dir='ltr'><strong>pedes.</strong></span> 
     </span>
    </p>

    <p class='ocr_par' dir='ltr' id='par_1_10' title="bbox 57 1340 581 1475">
     <span class='ocr_line' id='line_1_17' title="bbox 57 1340 581 1397; baseline -0.002 -11"><span class='ocrx_word' id='word_1_100' title='bbox 57 1345 118 1386; x_wconf 74' lang='lat' dir='ltr'><strong>Nona</strong></span> <span class='ocrx_word' id='word_1_101' title='bbox 129 1344 240 1386; x_wconf 86' lang='lat' dir='ltr'><strong>terebatur</strong></span> <span class='ocrx_word' id='word_1_102' title='bbox 249 1340 333 1382; x_wconf 76' lang='lat' dir='ltr'><strong>misera</strong></span> <span class='ocrx_word' id='word_1_103' title='bbox 343 1341 382 1383; x_wconf 82' lang='lat' dir='ltr'><strong>via.</strong></span> <span class='ocrx_word' id='word_1_104' title='bbox 394 1341 489 1393; x_wconf 79' lang='lat' dir='ltr'><strong>Videris,</strong></span> <span class='ocrx_word' id='word_1_105' title='bbox 499 1342 581 1397; x_wconf 85' lang='lat' dir='ltr'><strong>inquit:</strong></span> 
     </span>
     <span class='ocr_line' id='line_1_18' title="bbox 81 1415 519 1475; baseline -0.002 -14"><span class='ocrx_word' id='word_1_106' title='bbox 81 1422 106 1462; x_wconf 81' lang='lat' dir='ltr'><strong>Et</strong></span> <span class='ocrx_word' id='word_1_107' title='bbox 114 1427 199 1475; x_wconf 82' lang='lat' dir='ltr'><strong>spectat</strong></span> <span class='ocrx_word' id='word_1_108' title='bbox 207 1430 285 1460; x_wconf 86' lang='lat' dir='ltr'><strong>zonam</strong></span> <span class='ocrx_word' id='word_1_109' title='bbox 296 1415 374 1471; x_wconf 88' lang='lat' dir='ltr'><strong>pallida</strong></span> <span class='ocrx_word' id='word_1_110' title='bbox 382 1416 440 1459; x_wconf 80' lang='lat' dir='ltr'><strong>facta</strong></span> <span class='ocrx_word' id='word_1_111' title='bbox 449 1432 519 1460; x_wconf 89' lang='lat' dir='ltr'><strong>suam.</strong></span> 
     </span>
    </p>

    <p class='ocr_par' dir='ltr' id='par_1_11' title="bbox 53 1490 664 1620">
     <span class='ocr_line' id='line_1_19' title="bbox 53 1490 664 1550; baseline -0.008 -14"><span class='ocrx_word' id='word_1_112' title='bbox 53 1493 147 1550; x_wconf 75' lang='lat' dir='ltr'><strong>adspicit</strong></span> <span class='ocrx_word' id='word_1_113' title='bbox 156 1502 179 1535; x_wconf 93' lang='lat' dir='ltr'><strong>et</strong></span> <span class='ocrx_word' id='word_1_114' title='bbox 189 1505 274 1534; x_wconf 88' lang='lat' dir='ltr'><strong>ramos:</strong></span> <span class='ocrx_word' id='word_1_115' title='bbox 284 1490 381 1543; x_wconf 80' lang='lat' dir='ltr'><strong>dubitat,</strong></span> <span class='ocrx_word' id='word_1_116' title='bbox 391 1490 513 1547; x_wconf 77' lang='lat' dir='ltr'><strong>refugitque</strong></span> <span class='ocrx_word' id='word_1_117' title='bbox 522 1493 581 1548; x_wconf 90' lang='lat' dir='ltr'><strong>quod</strong></span> <span class='ocrx_word' id='word_1_118' title='bbox 590 1493 664 1535; x_wconf 80' lang='lat' dir='ltr'><strong>audet:</strong></span> 
     </span>
     <span class='ocr_line' id='line_1_20' title="bbox 81 1565 542 1620; baseline -0.007 -10"><span class='ocrx_word' id='word_1_119' title='bbox 81 1570 106 1610; x_wconf 77' lang='lat' dir='ltr'><strong>Er</strong></span> <span class='ocrx_word' id='word_1_120' title='bbox 117 1568 193 1610; x_wconf 82' lang='lat' dir='ltr'><strong>timet:</strong></span> <span class='ocrx_word' id='word_1_121' title='bbox 203 1574 225 1608; x_wconf 83' lang='lat' dir='ltr'><strong>et</strong></span> <span class='ocrx_word' id='word_1_122' title='bbox 234 1565 312 1620; x_wconf 72' lang='lat' dir='ltr'><strong>digitos</strong></span> <span class='ocrx_word' id='word_1_123' title='bbox 322 1565 349 1606; x_wconf 84' lang='lat' dir='ltr'><strong>ad</strong></span> <span class='ocrx_word' id='word_1_124' title='bbox 357 1579 397 1607; x_wconf 90' lang='lat' dir='ltr'><strong>sua</strong></span> <span class='ocrx_word' id='word_1_125' title='bbox 406 1565 460 1607; x_wconf 87' lang='lat' dir='ltr'><strong>colla</strong></span> <span class='ocrx_word' id='word_1_126' title='bbox 471 1565 542 1609; x_wconf 82' lang='lat' dir='ltr'><strong>refert.</strong></span> 
     </span>
    </p>

    <p class='ocr_par' dir='ltr' id='par_1_12' title="bbox 53 1638 570 1770">
     <span class='ocr_line' id='line_1_21' title="bbox 53 1638 570 1691; baseline -0.006 -8"><span class='ocrx_word' id='word_1_127' title='bbox 53 1640 147 1687; x_wconf 74' lang='lat' dir='ltr'><strong>tithoni.</strong></span> <span class='ocrx_word' id='word_1_128' title='bbox 159 1651 212 1683; x_wconf 86' lang='lat' dir='ltr'><strong>tune</strong></span> <span class='ocrx_word' id='word_1_129' title='bbox 221 1649 279 1681; x_wconf 87' lang='lat' dir='ltr'><strong>certe</strong></span> <span class='ocrx_word' id='word_1_130' title='bbox 289 1638 365 1679; x_wconf 83' lang='lat' dir='ltr'><strong>vellem</strong></span> <span class='ocrx_word' id='word_1_131' title='bbox 375 1652 420 1680; x_wconf 91' lang='lat' dir='ltr'><strong>non</strong></span> <span class='ocrx_word' id='word_1_132' title='bbox 429 1639 474 1681; x_wconf 88' lang='lat' dir='ltr'><strong>sola</strong></span> <span class='ocrx_word' id='word_1_133' title='bbox 483 1638 570 1691; x_wconf 75' lang='lat' dir='ltr'><strong>iuisses5</strong></span> 
     </span>
     <span class='ocr_line' id='line_1_22' title="bbox 81 1713 564 1770; baseline -0.004 -11"><span class='ocrx_word' id='word_1_134' title='bbox 81 1719 131 1759; x_wconf 81' lang='lat' dir='ltr'><strong>Non</strong></span> <span class='ocrx_word' id='word_1_135' title='bbox 142 1715 204 1758; x_wconf 68' lang='lat' dir='ltr'><strong>fleus</strong></span> <span class='ocrx_word' id='word_1_136' title='bbox 214 1713 289 1770; x_wconf 80' lang='lat' dir='ltr'><strong>positis</strong></span> <span class='ocrx_word' id='word_1_137' title='bbox 298 1713 405 1770; x_wconf 83' lang='lat' dir='ltr'><strong>Phyllida,</strong></span> <span class='ocrx_word' id='word_1_138' title='bbox 416 1714 479 1765; x_wconf 86' lang='lat' dir='ltr'><strong>silva,</strong></span> <span class='ocrx_word' id='word_1_139' title='bbox 489 1714 564 1758; x_wconf 82' lang='lat' dir='ltr'><strong>comis.</strong></span> 
     </span>
    </p>

    <p class='ocr_par' dir='ltr' id='par_1_13' title="bbox 54 1784 555 1916">
     <span class='ocr_line' id='line_1_23' title="bbox 54 1784 555 1845; baseline -0.008 -14"><span class='ocrx_word' id='word_1_140' title='bbox 54 1787 154 1845; x_wconf 74' lang='lat' dir='ltr'><strong>Phyllidis</strong></span> <span class='ocrx_word' id='word_1_141' title='bbox 164 1785 265 1841; x_wconf 77' lang='lat' dir='ltr'><strong>exemplo</strong></span> <span class='ocrx_word' id='word_1_142' title='bbox 274 1784 368 1826; x_wconf 87' lang='lat' dir='ltr'><strong>nimium</strong></span> <span class='ocrx_word' id='word_1_143' title='bbox 379 1795 460 1827; x_wconf 83' lang='lat' dir='ltr'><strong>secreta</strong></span> <span class='ocrx_word' id='word_1_144' title='bbox 470 1787 555 1837; x_wconf 89' lang='lat' dir='ltr'><strong>timete,</strong></span> 
     </span>
     <span class='ocr_line' id='line_1_24' title="bbox 80 1858 515 1916; baseline -0.009 -10"><span class='ocrx_word' id='word_1_145' title='bbox 80 1866 137 1906; x_wconf 75' lang='lat' dir='ltr'><strong>taese</strong></span> <span class='ocrx_word' id='word_1_146' title='bbox 147 1863 180 1904; x_wconf 78' lang='lat' dir='ltr'><strong>vir</strong></span> <span class='ocrx_word' id='word_1_147' title='bbox 189 1876 203 1903; x_wconf 84' lang='lat' dir='ltr'><strong>a</strong></span> <span class='ocrx_word' id='word_1_148' title='bbox 212 1858 315 1910; x_wconf 85' lang='lat' dir='ltr'><strong>domina,</strong></span> <span class='ocrx_word' id='word_1_149' title='bbox 323 1859 371 1902; x_wconf 80' lang='lat' dir='ltr'><strong>lasa</strong></span> <span class='ocrx_word' id='word_1_150' title='bbox 382 1860 453 1916; x_wconf 83' lang='lat' dir='ltr'><strong>puella</strong></span> <span class='ocrx_word' id='word_1_151' title='bbox 463 1860 515 1902; x_wconf 86' lang='lat' dir='ltr'><strong>viro.</strong></span> 
     </span>
    </p>

    <p class='ocr_par' dir='ltr' id='par_1_14' title="bbox 49 1932 646 2067">
     <span class='ocr_line' id='line_1_25' title="bbox 49 1932 646 1991; baseline -0.008 -11"><span class='ocrx_word' id='word_1_152' title='bbox 49 1937 182 1980; x_wconf 77' lang='lat' dir='ltr'><strong>Praestiterat</strong></span> <span class='ocrx_word' id='word_1_153' title='bbox 188 1934 288 1991; x_wconf 77' lang='lat' dir='ltr'><strong>juvenis,</strong></span> <span class='ocrx_word' id='word_1_154' title='bbox 298 1934 404 1989; x_wconf 86' lang='lat' dir='ltr'><strong>quidquid</strong></span> <span class='ocrx_word' id='word_1_155' title='bbox 415 1947 464 1974; x_wconf 86' lang='lat' dir='ltr'><strong>mea</strong></span> <span class='ocrx_word' id='word_1_156' title='bbox 473 1935 534 1975; x_wconf 83' lang='lat' dir='ltr'><strong>Musa</strong></span> <span class='ocrx_word' id='word_1_157' title='bbox 542 1932 646 1988; x_wconf 66' lang='lat' dir='ltr'><strong>jubebam</strong></span> 
     </span>
     <span class='ocr_line' id='line_1_26' title="bbox 79 2005 495 2067; baseline -0.019 -13"><span class='ocrx_word' id='word_1_158' title='bbox 79 2013 150 2067; x_wconf 85' lang='lat' dir='ltr'><strong>loque</strong></span> <span class='ocrx_word' id='word_1_159' title='bbox 160 2023 204 2052; x_wconf 79' lang='lat' dir='ltr'><strong>suae</strong></span> <span class='ocrx_word' id='word_1_160' title='bbox 214 2017 281 2064; x_wconf 90' lang='lat' dir='ltr'><strong>portu</strong></span> <span class='ocrx_word' id='word_1_161' title='bbox 290 2019 350 2063; x_wconf 68' lang='lat' dir='ltr'><strong>pane</strong></span> <span class='ocrx_word' id='word_1_162' title='bbox 358 2005 434 2048; x_wconf 89' lang='lat' dir='ltr'><strong>salutis</strong></span> <span class='ocrx_word' id='word_1_163' title='bbox 443 2014 495 2048; x_wconf 87' lang='lat' dir='ltr'><strong>erat.</strong></span> 
     </span>
    </p>

    <p class='ocr_par' dir='ltr' id='par_1_15' title="bbox 51 2080 572 2215">
     <span class='ocr_line' id='line_1_27' title="bbox 51 2080 562 2139; baseline -0.012 -12"><span class='ocrx_word' id='word_1_164' title='bbox 51 2085 146 2136; x_wconf 71' lang='lat' dir='ltr'><strong>accidit,</strong></span> <span class='ocrx_word' id='word_1_165' title='bbox 157 2095 182 2126; x_wconf 89' lang='lat' dir='ltr'><strong>ut</strong></span> <span class='ocrx_word' id='word_1_166' title='bbox 192 2082 284 2139; x_wconf 85' lang='lat' dir='ltr'><strong>cupidos</strong></span> <span class='ocrx_word' id='word_1_167' title='bbox 294 2081 350 2123; x_wconf 84' lang='lat' dir='ltr'><strong>inter</strong></span> <span class='ocrx_word' id='word_1_168' title='bbox 359 2080 445 2123; x_wconf 83' lang='lat' dir='ltr'><strong>devenit</strong></span> <span class='ocrx_word' id='word_1_169' title='bbox 454 2090 562 2123; x_wconf 83' lang='lat' dir='ltr'><strong>amantes:</strong></span> 
     </span>
     <span class='ocr_line' id='line_1_28' title="bbox 79 2154 572 2215; baseline -0.016 -12"><span class='ocrx_word' id='word_1_170' title='bbox 79 2161 106 2202; x_wconf 74' lang='lat' dir='ltr'><strong>Et</strong></span> <span class='ocrx_word' id='word_1_171' title='bbox 114 2193 119 2210; x_wconf 82' lang='lat'><strong><em>,</em></strong></span> <span class='ocrx_word' id='word_1_172' title='bbox 128 2172 178 2215; x_wconf 78' lang='lat' dir='ltr'><strong>quar</strong></span> <span class='ocrx_word' id='word_1_173' title='bbox 187 2156 329 2202; x_wconf 75' lang='lat' dir='ltr'><strong>condiderat,</strong></span> <span class='ocrx_word' id='word_1_174' title='bbox 339 2154 381 2197; x_wconf 82' lang='lat' dir='ltr'><strong>tela</strong></span> <span class='ocrx_word' id='word_1_175' title='bbox 390 2154 492 2197; x_wconf 79' lang='lat' dir='ltr'><strong>resumsit</strong></span> <span class='ocrx_word' id='word_1_176' title='bbox 500 2155 572 2196; x_wconf 78' lang='lat' dir='ltr'><strong>Amor.</strong></span> 
     </span>
    </p>

    <p class='ocr_par' dir='ltr' id='par_1_16' title="bbox 55 2241 611 2274">
     <span class='ocr_line' id='line_1_29' title="bbox 55 2241 611 2274; baseline 0.002 -1"><span class='ocrx_word' id='word_1_177' title='bbox 55 2247 57 2250; x_wconf 91' lang='lat'>·</span> <span class='ocrx_word' id='word_1_178' title='bbox 127 2247 153 2274; x_wconf 82' lang='lat' dir='ltr'><strong>rr.</strong></span> <span class='ocrx_word' id='word_1_179' title='bbox 597 2241 611 2274; x_wconf 61' lang='grc'>1</span> 
     </span>
    </p>
   </div>
   <div class='ocr_carea' id='block_1_3' title="bbox 0 0 830 2584">
    <p class='ocr_par' dir='ltr' id='par_1_17' title="bbox 0 0 830 2584">
     <span class='ocr_line' id='line_1_30' title="bbox 0 0 830 2584; baseline 0 3"><span class='ocrx_word' id='word_1_180' title='bbox 0 0 830 2584; x_wconf 95' lang='lat' dir='ltr'><strong> </strong></span> 
     </span>
    </p>
   </div>
  </div>
 </body>
</html>
