1650 2584
58 192 139 232 v.532.
226 189 381 231 numento
399 188 536 231 AMORIS.
663 190 702 230 123

86 283 181 336 Quoque
191 288 270 320 vocant
280 278 372 327 fluctus,
382 278 424 320 hae
435 279 473 320 tibi
483 292 557 320 remus
566 288 607 321 eat.

59 354 169 410 Explenda
179 363 212 395 est
221 353 267 395 sitis
276 354 318 395 ista
329 352 379 396 tibi.
390 368 433 409 qua
444 354 539 409 perditus
548 355 616 396 ardes.

87 428 206 470 Cedimus:
217 441 229 468 e
239 428 312 468 medio
318 426 367 482 jam
378 427 428 469 licet
437 441 502 469 amne
511 429 580 470 bibas.

59 501 98 542 Sed
108 500 159 541 bibe
170 499 220 555 plus
230 500 308 550 etiam,
319 514 385 554 quam
396 501 455 555 quod
465 502 583 555 precordia
592 509 697 557 poscunt:

87 577 182 618 Gutture
191 574 226 616 fiac
236 574 300 629 pleno
310 584 384 617 sumtu
395 575 501 617 redundet
511 589 574 630 aqua.

60 648 172 690 Perfruere
182 661 252 701 usqne
262 656 311 692 tua.
322 646 382 688 nulio
393 648 533 702 prohibente,
544 648 621 704 puella.

54 761 57 764 ,
89 722 126 763 uta
138 721 178 763 tibi
189 732 263 763 noctes
273 720 370 768 auferat.
381 720 419 763 ilia
429 722 479 763 dies.

62 794 130 836 Tedia
139 807 226 849 quere:
237 794 300 834 maiis
310 792 393 835 faciunt
403 804 424 836 et
435 794 497 835 raedia
507 793 581 836 finem.

89 872 137 911 lani
147 883 248 925 quoque,
258 883 329 924 quum
339 870 413 910 credas
423 883 486 925 posse
495 883 579 919 carere,
589 884 660 912 mnne.

63 944 116 984 Dum
127 944 184 984 bene
195 954 215 985 te
225 942 336 989 cumules,
347 954 369 984 et
377 944 438 998 copia
449 943 511 985 tollat
520 957 628 995 amorem

89 1015 211 1058 Efastiditu
222 1029 267 1056 non
275 1014 340 1070 juvet
350 1015 390 1056 isse
399 1015 473 1057 domo.

61 1090 93 1133 Fit
101 1104 190 1146 quoque
200 1090 279 1145 longus
287 1102 357 1136 amor,
367 1104 433 1144 quem
444 1089 566 1132 diffidentia
576 1090 652 1134 nutrit.

90 1165 151 1204 Hunc
162 1174 186 1205 tu
196 1163 213 1204 si
222 1176 306 1217 quaeres
315 1175 407 1217 ponere;
419 1176 475 1218 pone
485 1172 576 1204 metum.

61 1235 102 1293 Qui
112 1235 186 1285 timet,
197 1244 223 1276 ut
232 1248 273 1275 sua
282 1233 321 1285 sit,
333 1248 374 1275 neu
384 1235 433 1289 quis
442 1235 483 1280 sibi
493 1235 677 1286 denehardum

90 1309 127 1352 ille
137 1310 265 1352 Machaonia
276 1309 310 1351 vix
319 1323 359 1364 ope
369 1323 434 1351 sanus
444 1310 491 1352 erit.

62 1382 109 1425 Plus
118 1395 179 1426 amnt
188 1399 201 1425 e
211 1383 268 1425 natis
278 1392 348 1424 mater
356 1383 488 1439 plerumque
495 1384 594 1435 duobus,

90 1461 129 1500 Pro
139 1458 204 1514 eujus
215 1458 298 1504 reditu,
308 1459 367 1512 quod
377 1459 431 1514 gerit
440 1473 512 1505 arma,
523 1458 592 1501 timet.

61 1532 95 1573 Est
104 1546 171 1587 prope
181 1531 291 1574 Collinam
302 1530 408 1586 tempium
419 1530 540 1573 venerabile
550 1540 650 1588 portam:

90 1607 198 1662 Imposuit
208 1604 291 1660 templo
300 1605 390 1647 uomina
400 1606 469 1653 celsus
478 1609 540 1663 Eryx.

61 1679 95 1720 Est
104 1678 146 1721 iilic
157 1678 257 1720 Lethaeus
267 1681 339 1725 Amor,
349 1678 386 1733 qui
396 1689 483 1734 pectora
492 1688 566 1729 sonan

89 1754 156 1808 inque
166 1767 218 1794 suas
227 1750 321 1807 gelidam
331 1750 442 1807 lampadas
451 1752 511 1794 addit
520 1765 608 1807 nquam.

60 1824 103 1867 liiic
113 1836 134 1868 et
141 1826 235 1881 juvenes
245 1825 301 1866 votis
309 1824 388 1867 oblivia
397 1836 503 1881 poscunt:

89 1901 114 1941 Et
124 1900 141 1940 si
151 1912 197 1953 qua
207 1908 240 1939 est
249 1898 305 1939 duro
315 1907 377 1953 capta
386 1898 459 1953 puella
469 1898 520 1940 viro.

60 1974 79 2013 Is
89 1972 144 2013 mihi
153 1972 184 2013 sie
194 1971 250 2013 dixit
260 1970 361 2024 (dubito,
371 1986 461 2014 verusne
470 1972 566 2028 Cupido,

88 2051 121 2089 An
130 2060 224 2089 somnus
234 2045 311 2094 fuerit3
323 2047 359 2087 sed
369 2057 423 2102 puto
433 2061 524 2089 somnus
533 2046 593 2102 erat)
602 2065 606 2089 :

61 2122 78 2162 Ο
87 2121 125 2176 qui
135 2120 242 2162 sollicitos
253 2120 319 2160 modo
330 2120 379 2169 das,
389 2121 456 2162 modo
465 2121 545 2171 demis,
556 2133 654 2171 umores¹

87 2196 163 2253 Adjice
172 2195 286 2253 praeceptis
295 2194 337 2237 hoo
346 2208 446 2251 quoque,
456 2198 524 2248 Naso5
535 2195 584 2238 tuis.
