1650 2584
147 215 172 254 7²
312 194 410 239 tntis
429 192 613 236 tnttontn
719 206 743 234 v.
756 191 790 245 76.

173 291 304 344 Spargentur
313 284 389 327 subite
398 297 437 339 per
445 291 512 338 eaput
521 294 587 323 omne
596 294 674 323 comre.

143 362 255 419 Anguibus
264 359 350 402 exuitur
358 356 418 400 teuui
428 369 498 411 quum
507 354 562 410 pelle
572 363 682 407 vetustas5

173 437 218 478 Nec
227 433 311 475 iaciunt
319 444 392 473 cervos
401 442 485 472 cornua
491 428 551 484 jecta
560 441 628 470 senes.

145 512 224 553 Nostra
232 508 278 550 sine
287 506 367 549 auxilio
376 503 464 560 fugiunt
473 504 538 545 bona.
547 501 633 557 Carpite
642 501 734 553 ssorem3

175 583 227 640 Qui,
237 581 278 623 uisi
288 589 374 635 carptus
383 577 435 625 erit,
446 576 538 631 turpiter
546 575 591 631 ipse
599 576 670 617 cadet.

146 659 216 707 Adde,
225 655 283 711 quod
293 664 314 696 et
322 661 396 708 pertus
406 650 491 693 faciunt
499 649 597 691 breviora
604 647 705 704 juvente

174 732 288 784 Tempora.
297 726 405 769 Continuo
414 737 483 765 messe
492 722 582 766 senescit
591 735 649 778 uper.

122 834 124 837 -
148 802 244 848 Latmius
253 799 374 856 Endymion
384 811 429 839 non
438 807 470 840 est
479 796 529 847 tibi,
538 799 610 845 Luna,
620 796 710 848 rubori;

177 879 221 919 Nee
230 873 336 930 Cephalus
345 885 410 914 rosen
419 871 491 926 preda
500 869 601 925 pudenda
610 871 665 911 Deo.

148 954 176 994 Ut
183 949 272 998 Veneri,
282 960 348 1003 quem
358 945 417 1000 luget
426 944 509 993 adhuc,
519 943 613 985 donetur
621 943 716 996 Adonin

178 1023 238 1066 Unde
247 1022 313 1063 hebet
323 1023 401 1061 AEueeu
411 1016 585 1072 Harmonieuque
594 1021 658 1058 suost

149 1100 180 1140 lte
189 1109 227 1152 per
235 1092 370 1149 exemplum,
380 1105 448 1147 genus
457 1105 470 1132 ο
481 1089 583 1139 mortale,
593 1091 701 1142 Deorum

179 1169 261 1213 Gaudia
270 1182 309 1211 nee
319 1166 402 1222 cupidis
412 1175 480 1207 vestra
489 1173 564 1220 negate
573 1163 629 1205 viris.

151 1248 178 1288 Ut
184 1244 232 1301 jam
242 1241 344 1297 decipiat,
354 1239 406 1296 quid
417 1238 515 1294 perditis!
525 1236 599 1279 omnia
608 1246 719 1280 constant.

180 1316 237 1360 Mille
246 1315 296 1357 licet
305 1323 404 1364 sumam
414 1310 497 1367 deperit
505 1310 555 1352 inde
565 1307 628 1350 nihil.

151 1391 274 1437 Conteritur
284 1388 378 1438 ferrum,
387 1386 456 1429 silices
466 1393 584 1428 tenuentur
592 1383 620 1424 ab
630 1396 682 1425 usu.

180 1463 276 1516 Sufficit,
285 1472 307 1504 et
315 1460 390 1504 damni
399 1473 450 1515 pens
458 1468 517 1501 curet
526 1457 563 1499 itta
573 1465 642 1498 ruetu.

152 1540 208 1599 Quid
218 1547 273 1581 vetet
282 1535 379 1592 adposito
389 1533 464 1576 lumen
473 1534 499 1574 de
509 1531 592 1573 iumine
601 1529 674 1580 sumi,

181 1613 259 1672 Quisve
268 1623 320 1653 cavo
329 1619 399 1652 vestes
407 1607 431 1649 in
440 1619 500 1648 mere
509 1612 578 1646 servet
586 1607 667 1658 equas?

153 1691 192 1732 Det
201 1698 273 1730 tamen
283 1684 328 1727 utta
336 1684 382 1726 viro
392 1680 477 1732 mulier,
486 1692 531 1721 non
539 1677 635 1733 expedit,
645 1676 727 1732 inquis.

181 1761 251 1818 Quid,
260 1759 301 1801 nisi
310 1771 376 1813 quem
386 1768 470 1805 sumes,
479 1753 514 1795 dic
524 1751 589 1800 mihi,
599 1751 672 1806 perdis
681 1754 777 1806 aquamt

155 1838 199 1879 Nec
210 1847 246 1875 vos
256 1829 364 1888 prostituit
373 1842 422 1870 mea
431 1841 482 1876 von
492 1826 529 1867 sed
539 1837 593 1866 vaus
603 1823 681 1865 timere

183 1911 265 1950 namna
276 1912 338 1945 vetet
348 1900 435 1944 Demuis
446 1911 536 1941 munere
546 1906 614 1938 vestre
623 1906 707 1939 carent.

155 1982 196 2025 Sed
205 1993 240 2022 me
251 1976 375 2019 flaminibus
385 1974 441 2017 venti
452 1971 541 2028 majoris
549 1971 646 2021 iturum,

183 2054 240 2095 Dum
249 2061 325 2091 sumus
334 2047 357 2088 in
366 2056 443 2102 portu,
452 2044 555 2100 provehat
564 2042 685 2086 auruleus

156 2125 233 2168 Ordior
242 2137 254 2164 e
264 2119 331 2164 cultu.
340 2120 408 2163 Cultis
418 2121 472 2162 bene
481 2119 543 2161 Liber
552 2119 579 2159 ab
590 2117 637 2160 uvis

184 2195 292 2246 Provenit5
303 2203 325 2237 et
333 2193 391 2236 culto
400 2202 445 2237 stat
452 2206 510 2248 seges
519 2190 623 2235 alneolo.
