1650 2584
56 212 136 264 r.37o.
219 207 532 251 annuntiationis.
658 220 696 260 ¹¹7
781 220 786 230 ’

83 302 177 341 Summa
186 308 265 355 petunt
274 300 349 341 dextra
359 296 454 340 fulmina
464 297 529 339 missa
538 297 601 339 lovis.
644 357 646 359 V

56 375 80 415 lt
89 383 126 424 tu,
135 373 264 429 quimnque
274 386 307 423 es,
317 385 384 427 quem
394 381 469 414 nostra
478 371 566 414 licentia
574 371 642 423 ludin

83 447 103 487 Si
112 447 183 502 sapis,
193 446 220 487 ad
231 458 336 488 numeros
346 444 406 500 exige
414 445 511 501 quidque
520 458 577 487 suos.

56 519 126 561 Fortia
136 518 230 562 hlaeouio
240 518 336 573 gaudent
344 518 398 573 pede
407 516 464 559 bella
474 516 556 559 referri.

85 591 168 634 Deliciis
178 591 222 633 illic
232 591 281 647 quis
291 591 352 632 locus
361 604 406 632 esse
416 596 498 645 potest?

58 665 140 706 Grande
150 673 231 706 sonant
239 662 335 718 Tragici3
345 662 445 717 Tragicos
454 663 515 704 decet
524 660 557 703 ira
565 661 697 704 cothurnos:

87 739 165 780 Usibus
174 751 186 779 e
197 737 274 779 mediis
283 750 359 779 soccus
369 735 482 778 habendus
492 736 538 778 erit.

59 811 119 854 liber
127 812 151 853 in
161 812 263 853 adversos
272 810 346 852 hostes
355 810 475 865 stringatur
483 810 583 860 lamhus;

86 888 127 928 Seu
137 885 202 938 celer,
211 885 335 929 eitrcmum
345 899 383 926 seu
393 884 466 927 trahat
475 884 510 926 ille
519 886 604 940 pedem.

58 958 135 1001 Blanda
144 960 282 1016 pharetratos
290 957 374 1013 Elegeia
383 966 456 1000 cantet
464 960 565 1001 Amores:

85 1034 110 1074 Et
119 1031 174 1074 letis
182 1031 273 1074 arbitrio
282 1030 345 1073 ludat
353 1030 424 1072 amica
433 1044 480 1073 suo.

58 1105 183 1148 Callimachi
193 1104 290 1147 numeris
301 1118 345 1146 non
354 1115 386 1148 est
395 1105 500 1147 dicendus
508 1104 611 1149 Achilles:

85 1178 182 1236 Cydippe
192 1191 235 1221 uon
244 1188 277 1220 est
286 1177 342 1227 oris,
352 1179 455 1228 llornere,
465 1178 504 1221 tui.

57 1252 109 1309 Quis
118 1252 176 1293 ferat
185 1251 346 1293 Andromaches
355 1259 492 1306 peragentem
502 1251 584 1294 Thaida
592 1259 675 1309 partesl

84 1329 173 1376 Peccat,
182 1325 205 1367 in
215 1324 366 1366 Andromache
375 1324 458 1366 Thaida
467 1324 484 1366 si
493 1325 542 1380 quis
551 1336 607 1382 agat.

58 1400 120 1442 Thais
130 1400 154 1441 in
164 1401 213 1440 Arte
223 1411 285 1440 inea:
296 1396 380 1440 lascivia
391 1397 459 1440 libera
468 1409 541 1441 nostra
551 1409 589 1442 est.

85 1473 121 1515 Nil
131 1472 186 1515 mihi
196 1486 248 1515 curn
258 1471 324 1513 vitta:
334 1471 399 1514 Thais
408 1471 431 1513 in
440 1475 489 1514 Arte
499 1486 549 1514 mea
558 1482 596 1515 est.

58 1546 78 1588 Si
88 1560 137 1589 mea
147 1546 243 1589 materia
254 1544 369 1599 respondet
379 1547 440 1587 Musa
447 1543 539 1601 jocosa,

86 1619 198 1668 Vicimus,
207 1627 229 1660 et
238 1616 286 1660 falsi
297 1617 394 1660 criminis
403 1628 451 1661 acta
462 1633 498 1661 rea
507 1629 545 1663 est.

59 1695 177 1751 Rumpere,
188 1693 251 1735 livor
259 1685 324 1743 edax}
331 1691 380 1747 jam
390 1706 496 1748 magnum
505 1708 586 1738 nomen
596 1695 716 1740 habemus:

87 1766 158 1823 Majus
168 1765 220 1815 erit3
232 1774 331 1814 tantum,
341 1778 385 1820 quo
395 1766 449 1821 pede
458 1765 533 1822 coepit,
542 1776 582 1810 eat

58 1841 97 1883 Sed
105 1839 202 1883 nimium
212 1851 328 1894 properas:
337 1838 409 1881 rivam
420 1840 496 1890 modo;
506 1839 569 1895 plura
578 1840 672 1885 dolebis:

85 1916 111 1956 Et
120 1912 211 1969 capiunt
220 1911 289 1953 animi
299 1912 395 1953 carmina
406 1911 476 1954 multa
486 1912 536 1955 mei.

58 1990 113 2031 llam
120 1987 196 2044 juvat,
206 1994 229 2027 et
237 1985 336 2027 studium
346 1984 410 2027 faura
421 1984 475 2027 mihi
485 1985 560 2029 crescit
568 2000 656 2030 arnore:

85 2060 194 2116 Principio
203 2058 253 2101 cliri
263 2067 331 2100 vester
339 2058 426 2101 anhelat
436 2072 511 2114 equus.

57 2138 153 2179 Tantum
163 2148 186 2176 se
196 2132 260 2175 nohis
269 2132 325 2188 Elefli
337 2132 414 2174 debere
424 2131 527 2183 fatentur,

86 2211 201 2267 Quantum
211 2204 300 2262 l'irgilio
310 2204 381 2248 nobile
390 2206 454 2249 debet
463 2219 525 2261 opus.
