1650 2584
122 185 150 225 ss
289 185 390 229 turis
408 185 592 228 AMATORIAE
679 188 764 241 csso.

122 273 189 324 utriq
199 285 220 317 et
229 289 241 317 e
250 287 327 325 curru,
338 290 365 318 ue
375 276 439 332 tigres
448 275 485 317 illa
495 275 592 324 timeret,

152 347 239 390 Desilit:
249 348 364 406 (imposito
374 350 437 392 cessit
446 362 510 391 erens
520 348 583 405 pedi)

98 436 101 441 ·
124 420 194 476 lmpli‹
202 422 297 478 itumque
307 423 368 473 sinu,
377 436 448 478 neque
457 422 515 465 euim
526 435 623 478 pugnare
632 421 731 473 valebat,

154 495 259 539 Abstulit:
270 506 295 539 ut
304 496 367 539 tacite
375 506 408 538 est
417 496 491 538 omnia
500 509 562 551 posse
572 497 622 537 Deo.

124 563 189 619 l'urs,¹
196 571 319 627 Hymenaee,
329 580 412 614 canunt
420 587 424 611 :
432 584 481 626 pars
491 569 597 619 clamant,
607 570 656 612 Evie
665 571 730 612 evoe!

157 642 190 684 Sic
200 655 280 687 coeunt
288 658 349 686 sacro
358 654 428 700 nupta
438 645 535 698 Deusque
545 653 600 685 toro.

128 718 195 774 Ergo,
206 719 243 760 ubi
253 719 381 776 contigerint
390 719 455 775 positi
465 718 504 761 tibi
514 732 607 761 munera
616 717 706 771 Bacchi,

157 794 226 847 Atque
236 794 276 836 erit
285 793 307 835 iu
317 793 368 836 socii
378 791 461 835 femina
470 803 531 848 purte
540 792 593 841 tori;

130 864 296 923 Nycteliumque
305 877 401 923 petrem,
410 876 562 920 nocturnaque
571 878 631 907 sacra
641 877 742 921 precare,

160 941 192 1000 Ne
198 939 292 995 jubetur
301 941 366 997 capiti
376 940 425 982 vina
434 952 512 982 nocere
522 949 567 982 tuo

131 1014 169 1057 llio
178 1015 217 1057 tibi
227 1015 297 1057 multa
306 1015 355 1058 licet
364 1028 464 1057 sermone
473 1013 559 1056 licentia
568 1023 625 1056 tecto

162 1088 245 1138 Dicere,
255 1103 303 1144 quae
312 1086 354 1131 diei
364 1088 443 1131 sentiat
452 1087 489 1129 illu
498 1087 552 1129 sibi:

133 1161 290 1218 Blanditiasque
298 1162 353 1205 leves
363 1162 423 1206 tenui
432 1161 563 1218 perscribere
572 1160 634 1211 viu0;

162 1238 190 1278 Ut
199 1235 313 1278 dominam
322 1236 345 1278 in
356 1249 431 1278 mense
439 1249 462 1277 se
471 1234 527 1290 legat
535 1233 573 1276 illa
582 1242 656 1276 tuam:

134 1311 203 1365 Atque
212 1308 287 1352 oculos
295 1308 363 1351 oculis
372 1319 468 1365 spectare
477 1307 594 1350 fatentibus
604 1308 685 1362 iguem.

165 1382 222 1437 Saepe
232 1391 305 1424 tacens
314 1395 389 1423 vocem
399 1381 507 1435 verbaque
517 1379 590 1422 vultus
599 1380 672 1422 babet.

137 1457 178 1498 Fac
187 1455 272 1511 primus
282 1455 352 1512 rapias
361 1454 419 1497 illius
429 1464 485 1497 tacta
494 1453 578 1496 labellis

166 1529 255 1583 Pocule;
264 1544 350 1585 quaque
360 1529 420 1571 bibet
429 1538 490 1584 parte
499 1526 582 1584 puella,
591 1526 661 1568 bibas.

139 1606 165 1651 Et
173 1605 319 1660 quodcunque
328 1604 370 1646 cibi
379 1603 452 1659 digitis
461 1600 559 1644 libaverit
568 1600 618 1651 illa,

168 1680 202 1721 Tu
210 1688 271 1736 pete:
281 1679 378 1734 dumque
387 1687 459 1734 petes,
466 1676 494 1719 sit
503 1675 542 1718 tibi
552 1684 610 1718 tuctu
619 1688 706 1717 manus.

140 1751 187 1795 Sint
196 1751 262 1794 etium
273 1760 310 1793 tua
318 1761 369 1794 sota
378 1750 424 1793 viro
434 1749 538 1807 placuisse
547 1748 631 1805 puelle.

172 1824 248 1868 Utilior
257 1824 312 1867 rotis
321 1824 391 1868 iectus
401 1824 485 1866 amicus
494 1822 541 1865 erit.

141 1900 206 1949 nuic,
217 1900 234 1941 si
243 1909 301 1942 sorte
310 1898 381 1948 bibes,
391 1908 472 1942 sortem
482 1895 692 1952 concedepriorem:

172 1973 225 2016 lluic
234 1974 299 2015 detur
308 1971 373 2028 capiti
382 1974 456 2016 demta
465 1984 546 2014 corona
556 1980 601 2014 tuo.

143 2048 190 2089 Sive
199 2046 227 2091 sit
235 2044 335 2095 inferior,
345 2060 384 2089 seu
393 2060 444 2102 par,
454 2045 513 2102 prior
521 2043 597 2086 omnio
605 2052 687 2085 sumat.

177 2122 225 2163 Neu
235 2119 321 2162 dubites
331 2119 360 2161 illi
370 2121 435 2162 verba
444 2119 538 2162 secunda
546 2116 620 2173 ioqui:

146 2196 202 2237 Tuta
212 2193 355 2250 frequensque
364 2194 398 2235 ria
407 2203 451 2246 est,
460 2190 605 2249 potamicum
615 2189 690 2233 fallere
698 2205 788 2235 nomen.
