1650 2584
65 203 86 233 v.
100 195 155 240 316.
330 208 430 254 tttttttt
448 215 464 256 t.

101 285 149 328 Nec
158 288 249 343 dubito,
259 294 314 348 quin
325 310 347 338 se
356 299 422 342 stulte
432 303 507 347 decere
515 319 584 363 putet.

70 354 140 408 Dixit;
150 370 172 401 et
181 361 265 418 ingenti
271 365 408 422 jamdudum
417 375 444 416 de
453 390 515 433 grege
524 382 574 424 duci

98 431 179 485 Jussit;
189 446 211 479 et
220 436 356 484 immeritum
365 446 468 504 subjuga
477 455 549 506 pande
560 458 628 501 trahi:

70 501 114 545 Aut
122 507 200 549 cadere
210 521 261 553 ante
271 525 319 555 uras
327 528 496 577 commentaque
505 539 566 570 sacra
574 533 656 588 coegit:

100 577 126 619 Et
137 581 209 624 tenuit
218 582 267 626 iaeta
276 585 357 641 pellicis
366 600 414 634 exta
425 608 499 639 manu.

71 646 186 694 Pellicibus
194 656 281 709 quoties
291 658 383 714 placavit
392 667 484 711 numina
493 673 564 717 cesis:

100 725 171 780 Atque
180 727 223 779 uit,
233 741 282 773 exta
293 741 379 788 tenens,
388 739 430 790 Ite,
440 741 521 797 placete
530 753 590 792 meo!

71 795 96 837 Et
106 801 174 841 modo
183 815 206 843 se
216 805 317 861 Europen
326 807 383 861 fieri,
395 815 461 857 modo
470 821 566 872 postulat
574 826 610 868 lo:

99 871 171 916 Altera
179 879 240 931 quod
250 879 290 921 bos
299 892 342 934 est3
352 884 419 929 alteru
428 901 488 934 vecta
496 894 557 940 bove.

72 944 130 988 Hanc
140 957 214 992 tamen
224 951 334 1009 implevit,
342 971 407 1001 vnccu
416 962 517 1020 deceptus
526 982 613 1026 acerna,

101 1021 146 1064 Dux
155 1025 237 1081 gregis:
247 1037 269 1070 et
278 1039 343 1084 partu
351 1035 451 1087 proditus
459 1051 535 1086 auctor
544 1058 596 1091 erat.

72 1091 144 1137 Cressa
152 1098 258 1154 Thyesteo
267 1103 285 1144 si
295 1118 318 1146 se
327 1107 465 1156 abstinuisset
474 1129 558 1172 umore;

102 1168 131 1224 (O
138 1184 301 1228 quantumst,
312 1180 350 1222 uni
359 1196 421 1237 posse
430 1187 512 1242 placere
522 1194 567 1237 viro
574 1197 593 1253 !)

74 1240 120 1284 Non
129 1246 228 1290 medinm
238 1251 331 1305 rupisset
340 1254 387 1307 iter,
397 1272 506 1318 curruque
515 1277 596 1312 retorto

99 1318 204 1362 Auroram
214 1323 279 1366 versis
289 1326 380 1372 thebas
389 1331 467 1377 adisset
476 1338 543 1392 equis.

73 1389 120 1432 titia
129 1405 250 1449 purpureos
262 1397 313 1440 Niso
323 1399 396 1445 furata
404 1406 503 1461 capillos,

98 1466 154 1506 Pube
163 1467 244 1522 premit
254 1470 339 1514 rabidos
348 1473 516 1537 inguinibusque
525 1499 595 1531 canes.

73 1537 109 1592 Qui
118 1540 209 1581 Martem
221 1551 289 1593 terra,
300 1545 428 1601 Neptunum
437 1552 515 1610 effugit
524 1557 547 1600 in
557 1563 631 1616 undis,

97 1612 198 1668 conjugis
206 1614 290 1656 Atrides
299 1617 386 1662 victima
395 1622 442 1666 dira
453 1624 501 1668 fuit.

71 1684 105 1726 cui
114 1699 156 1727 nou
166 1687 246 1730 defleta
256 1699 288 1733 cst
295 1692 401 1749 Ephyraeae
412 1696 502 1742 stamma
511 1704 606 1749 Creusaet

80 1786 82 1791 .
96 1761 119 1801 Et
127 1774 178 1802 nece
188 1770 293 1804 natorum
302 1768 467 1821 sauguinolenta
475 1785 565 1828 parenst

71 1828 130 1873 rtem
139 1833 290 1890 Amyntorides
299 1851 337 1891 per
346 1839 419 1882 inania
428 1842 513 1888 lumina
522 1849 621 1897 Phoenix:

95 1907 233 1964 Hippolytum
243 1909 314 1964 pavidi
323 1913 441 1970 diripuistis
450 1922 506 1975 equi.

70 1981 117 2040 Quid
129 1980 184 2023 fodis
193 1981 321 2037 immeritis,
330 1988 423 2041 Phineu,
434 2006 473 2036 suc
481 1995 566 2044 lumina
575 2004 632 2048 natis
641 2011 649 2047 i

94 2057 153 2097 tona
165 2068 276 2098 reversura
285 2068 317 2101 est
326 2059 348 2101 in
357 2074 423 2118 caput
431 2066 472 2108 ista
483 2078 552 2115 tuum.

69 2128 140 2169 Omnia
149 2127 244 2169 feminea
253 2141 304 2174 sunt
314 2132 354 2176 ista
363 2135 452 2181 libidine
462 2152 535 2186 mota:

94 2201 163 2244 Acrior
171 2211 205 2244 est
214 2213 299 2257 nostra,
309 2206 401 2264 piusque
411 2210 491 2256 furoris
500 2215 572 2260 habet.

693 242 717 283 ¹9
