1650 2584
68 139 77 162 ἱ

73 192 143 229 v.151
324 188 426 230 LIBER
441 187 460 231 Ι.
673 190 713 242 149

72 269 150 319 Ouinia
161 287 213 319 tunc
223 275 301 319 florent
311 293 316 318 :
327 286 379 319 tunc
388 287 421 320 est
430 290 486 319 nova
496 276 672 333 muntium,

101 351 127 392 Et
137 362 193 391 nova
203 350 229 391 de
238 349 326 405 gravido
337 348 428 404 palmite
437 362 525 405 gemma
535 359 617 402 tumen

72 423 98 464 Et
107 423 174 464 modo
184 421 284 468 formatis
293 422 396 465 amicitur
404 423 485 466 vitibus
493 424 569 472 arbos,

101 496 174 540 Prodit
183 496 236 539 etin
245 510 359 539 summum
368 496 459 539 seminis
466 497 534 539 herba
543 496 627 548 solum3

71 571 96 612 Et
107 570 205 625 tepidum
215 570 312 612 volucres
321 569 463 614 concentibus
473 583 522 611 aera
531 568 639 620 mulcent,

101 643 165 686 Ludit
174 653 196 686 et
205 643 228 690 iu
238 644 304 699 pratis
313 643 452 699 luxuriatque
461 656 533 698 pecus.

71 720 130 761 Tum
139 718 213 761 blandi
222 718 288 766 soles;
298 719 414 774 ignotaque
424 718 496 775 prodit
505 718 613 770 hirundo,
682 751 687 758 .

103 796 129 837 Et
139 793 224 836 luteum
235 791 290 834 celsa
300 792 341 834 sub
351 793 411 833 trabe
421 791 484 847 fingit
493 805 555 848 opus.

71 871 129 912 Tum
139 867 222 923 patitur
231 865 303 908 cultus
312 879 372 921 ager,
381 876 403 908 et
413 876 530 908 renovatur
539 874 618 908 antro.

99 944 147 984 Huc
158 938 211 981 anni
220 938 304 980 novitas
310 938 362 994 jure
371 938 467 980 vocanda
477 936 526 980 fuit.

69 1013 203 1074 Quaesiemm
214 1010 300 1062 multis‚·
310 1023 355 1052 uon
365 1009 441 1053 multis
450 1008 486 1052 ilie
496 1020 605 1061 moratus,

46 1123 52 1128 ,
99 1086 198 1130 Contulit
206 1085 229 1126 in
239 1097 312 1126 versus
320 1082 351 1126 sic
360 1097 400 1125 sua
409 1084 475 1126 verba
483 1083 550 1125 duos:

70 1162 152 1204 Bruma
162 1158 211 1201 novi
222 1157 293 1214 prima
302 1167 345 1208 est,
355 1156 475 1212 veterisque
484 1155 601 1198 novissima
609 1156 674 1208 Solis;

100 1232 234 1288 Principium
244 1231 334 1286 eupiunt
342 1230 434 1274 Phoehus
444 1239 466 1272 et
474 1243 545 1272 annus
554 1229 620 1273 idem.

68 1383 125 1424 Post
134 1393 159 1421 ea
169 1376 277 1426 mirabar,
286 1390 326 1419 cur
335 1389 380 1419 uon
389 1376 436 1418 siue
445 1375 520 1418 litibus
529 1385 585 1419 esset

98 1452 172 1495 Prima
180 1450 232 1493 dies.
242 1451 334 1492 Causam
343 1446 441 1504 percipe,
450 1449 517 1491 ianus
527 1448 564 1491 ais

69 1530 179 1584 Tempora
188 1524 290 1568 commisi
299 1524 408 1567 nascentia
419 1524 484 1567 rebus
493 1524 592 1581 agendis,

99 1603 167 1645 Tutus
177 1600 205 1642 ab
214 1597 311 1655 auspicio
320 1612 348 1639 ne
358 1597 414 1641 foret
424 1611 495 1640 eunus
504 1598 569 1641 iners.

69 1674 167 1732 Quisque
176 1686 226 1715 suas
235 1681 293 1713 artes
301 1672 329 1712 ob
339 1670 397 1712 idem
406 1669 488 1713 delibat
497 1670 592 1726 ageud05

99 1749 145 1790 Nee
154 1745 203 1802 pius
212 1758 280 1801 quum
289 1743 378 1786 solitum
389 1743 517 1787 testificatur
525 1757 587 1800 opus.

70 1824 120 1866 Mox
130 1834 170 1878 ego
178 1836 184 1861 z
193 1821 247 1871 Cur,
256 1818 356 1875 quumvis
365 1817 460 1860 aliorum
468 1818 561 1860 numina
569 1816 666 1874 placem,

98 1898 164 1944 June.
174 1894 213 1936 u'bi
223 1893 294 1950 primo
307 1893 372 1935 thum
382 1905 513 1948 merumque
523 1891 582 1934 ferot

69 1973 96 2015 Ut
106 1983 146 2027 per
155 1982 191 2011 me
200 1967 268 2024 possis
276 1968 373 2016 aditum.
382 1966 421 2022 qui
430 1965 507 2009 limina
516 1980 589 2017 servo,

98 2047 130 2089 Au
139 2057 281 2102 quoscunque
290 2042 355 2085 veiim
364 2055 465 2098 prorsus,
474 2041 553 2085 hahere
561 2045 622 2088 Deus

69 2197 100 2238 Δτ
110 2205 152 2237 cur
159 2191 208 2235 leta
218 2192 261 2233 tuis
270 2190 374 2233 dicuutur
383 2189 449 2231 verbu
457 2187 568 2242 Kalendis,
