1650 2584
116 218 145 272 64
283 215 382 258 ARTIS
400 215 584 258 Aneronln
670 220 754 273 ιδῃ).

143 310 191 350 lam
201 305 271 349 veniet
280 306 345 349 tacito
354 319 421 348 curva
430 315 513 349 senecta
523 307 583 362 pede.

115 385 158 423 lut
169 393 229 422 mare
238 378 343 435 remigiis,
353 388 391 421 aut
400 392 486 420 vomere
496 379 571 421 findite
581 389 659 432 terras;

143 458 186 498 Aut
195 453 240 496 fera
249 453 360 509 belligerus
369 453 441 496 addite
450 453 473 494 in
482 467 543 495 arma
553 467 642 496 manus:

116 527 234 578 inclutus,
243 535 264 568 et
273 527 339 575 vires,
348 539 480 581 operamque
489 525 571 568 adferte
580 526 665 582 puellis.

144 602 187 642 lloc
197 613 283 655 quoque
293 599 373 642 militie
383 607 427 641 est:
438 598 479 641 hoc
488 613 575 654 quoque
585 602 663 656 quaerit
672 615 730 658 opes.

114 676 183 725 lude,
192 675 251 730 quod
260 684 291 716 est
300 673 341 715 illis
350 687 441 729 operum
452 674 566 729 prudentia
577 674 658 731 mujor:

144 748 205 790 Solus
214 757 246 797 et,
256 746 347 789 artifices
356 746 394 801 qui
404 745 467 796 facit,
478 760 529 788 usus
539 747 605 789 adest.

112 822 154 866 lllae
165 821 277 865 munditiis
286 835 394 864 annorum
404 822 484 864 damna
494 822 628 878 rependunt:

142 899 168 939 Et
177 895 260 938 faciunt
268 909 332 946 cnm,
343 909 370 937 ne
379 895 493 937 videantur
502 909 564 938 nnus.

112 971 182 1025 thue
191 967 253 1018 velis,
263 970 368 1010 Venerem
375 967 474 1024 jungunt
482 982 520 1024 per
529 968 589 1011 mille
598 968 686 1025 figuras.

141 1040 237 1083 Inveniat
246 1040 317 1096 plures
326 1040 385 1083 nulle
395 1039 473 1083 tabella
483 1042 566 1083 modos.

110 1114 155 1158 Illis
164 1115 256 1156 sentitur
264 1127 308 1155 non
318 1113 400 1156 irritatu
410 1113 516 1170 voluptas.

141 1187 204 1243 Quod
210 1186 283 1242 juvet,
293 1199 317 1228 ex
326 1200 388 1241 equo
398 1185 480 1228 femina
489 1187 564 1243 virque
573 1186 650 1230 ferant.

112 1260 152 1303 Odi
161 1258 299 1308 concubitus,
310 1259 347 1313 qui
356 1272 401 1300 uon
410 1268 529 1315 utrumque
539 1259 659 1303 resolvunt:

140 1337 184 1377 Hoc
193 1345 236 1384 est,
245 1347 285 1376 cur
294 1334 355 1390 pueri
365 1343 441 1389 tangar
449 1348 524 1376 amore
534 1334 613 1377 minus.

113 1409 152 1451 Odi
162 1422 209 1464 quae
219 1408 310 1464 prebet,
319 1407 369 1463 quia
379 1407 407 1449 sit
416 1408 510 1462 praebere
519 1421 614 1458 necessu

141 1484 242 1539 Siccaque
252 1483 278 1524 de
287 1481 336 1524 lena
345 1481 424 1538 cogitat
433 1481 479 1538 ipse
488 1496 534 1525 sun.

112 1559 164 1614 Quae
173 1559 238 1600 datur
246 1555 331 1608 officio,
339 1570 385 1598 non
394 1564 426 1598 est
435 1555 489 1597 mihi
498 1567 558 1612 grata
568 1556 675 1614 voluptas.

140 1631 241 1675 Officium
252 1629 317 1674 faciet
326 1629 385 1672 nulla
393 1629 465 1686 puella
476 1630 536 1672 mihi.

111 1706 145 1748 lle
154 1717 215 1746 voces
224 1703 298 1745 audire
304 1702 368 1758 juvet
376 1716 416 1744 sua
426 1703 504 1758 gaudia
513 1702 592 1745 leuas:

140 1780 209 1833 thue
219 1790 291 1819 morer
301 1786 391 1825 memet.
401 1777 574 1833 sustineamque,
585 1790 652 1835 roget.

108 1850 229 1907 Auspicium
239 1849 332 1892 dominre
343 1849 407 1892 victos
417 1850 509 1893 umentis
519 1850 604 1894 ocellos.

140 1926 258 1979 [επιξυρυς
268 1932 289 1965 et
299 1922 356 1978 tangi
366 1937 389 1964 se
398 1932 454 1966 vetet
463 1923 499 1966 illu
509 1924 553 1966 diu.

112 1997 159 2038 flaec
169 1996 226 2036 bona
236 2007 280 2036 non
290 1993 364 2049 prime
375 1994 452 2037 tribuit
460 2005 538 2039 natura
544 1996 653 2052 juvente,

140 2071 192 2125 Qus
201 2068 244 2110 cito
254 2076 301 2123 post
310 2077 391 2123 septem
401 2050 469 2112 litstra
478 2071 549 2113 venire
559 2070 634 2114 solent.

111 2142 152 2201 Qui
160 2151 288 2197 properant,
297 2155 352 2183 nove
360 2152 431 2184 musta
440 2144 526 2186 bibant:
534 2144 588 2186 milri
596 2146 676 2191 fundet
683 2149 768 2194 nvitun

139 2213 267 2258 Consulibus
275 2213 349 2270 priscis
358 2216 445 2259 condite
455 2228 508 2261 teste
517 2231 610 2262 merum.
