1650 2584
71 218 92 246 v.
106 216 156 246 ποι,
316 203 416 244 LIBER
432 202 475 244 tv.
670 205 711 256 ²⁵7

72 294 131 348 Saepe
139 292 197 334 Rhea
206 300 282 346 questa
291 301 323 334 est
333 292 394 334 toties
405 290 509 340 fecunda,
519 303 559 332 nec
569 304 667 346 unquam

102 369 181 416 Mater,
191 376 212 409 et
220 366 314 409 indoluit
325 365 434 408 fertilitate
443 379 489 407 sua.

68 439 155 495 Jupiter
164 449 224 481 ortus
234 449 285 481 erat.
296 441 335 480 Pro
345 453 424 495 magna
436 449 488 481 teste
497 449 591 481 vetustas

100 513 213 555 Creditur:
224 523 334 569 acceptam
344 527 407 569 parce
419 527 504 555 movere
515 513 588 555 fidem.

67 590 134 632 Veste
144 586 213 629 latens
222 601 297 629 saxum
308 587 387 630 coeiesti
397 588 476 630 viscere
486 588 551 630 sedit:

100 661 133 703 Sic
143 662 227 716 genitor
236 661 285 703 fatis
294 661 433 716 decipiendus
443 671 495 704 erat.

68 736 142 779 Ardua
149 735 197 791 jam
205 735 290 777 dudum
302 745 386 778 resonat
398 734 513 777 tinnitibus
522 735 569 786 ide,
698 758 705 778 ι

99 811 169 852 Tutus
180 819 203 851 ut
213 808 291 851 infanti
302 809 373 865 vagiat
382 822 419 850 ore
429 822 489 863 puer.

66 885 120 926 Pars
129 881 214 939 clypeos
223 882 325 931 sudibus,
336 881 406 937 galeas
416 895 466 936 pars
475 879 547 923 tundit
557 879 641 921 inanes:

99 958 143 998 Hoc
153 962 239 998 Luceres
248 955 340 998 babent.
351 958 392 997 boc
402 956 534 1011 Corybantes
544 967 606 1009 opus.

67 1033 110 1074 ttes
120 1029 183 1072 iatuit
192 1039 289 1086 patrem:
301 1030 407 1085 priscique
418 1029 541 1071 imitamina
550 1027 614 1079 facti,

99 1108 147 1147 AEra
158 1107 202 1146 bea
211 1105 300 1147 comites
311 1118 419 1160 raucaque
430 1114 487 1159 terga
498 1112 597 1154 moveut;

65 1177 172 1237 cymbala
182 1192 221 1234 pro
231 1179 305 1233 galcis.
316 1193 355 1234 pro
365 1179 432 1220 sentis
443 1189 544 1234 tympana
555 1176 655 1233 pulsant:

97 1252 159 1294 Tibia
169 1253 206 1294 dat
217 1252 328 1308 Phrygios,
339 1262 363 1295 nt
372 1253 432 1294 dedit
441 1263 502 1301 autc,
513 1253 595 1293 modos.

65 1323 169 1367 Desierat.
180 1323 236 1378 Cupi
245 1340 249 1363 :
259 1324 374 1373 (turbate,
384 1338 451 1379 genus
461 1338 520 1374 acre,
530 1324 602 1366 leones

97 1394 195 1436 Praebcnt
204 1394 299 1436 insolitas
308 1396 335 1437 ad
342 1394 396 1450 juga
405 1410 471 1437 curta
477 1395 556 1451 jubas?

65 1469 183 1515 Desieram.
194 1470 272 1523 Coepit:
283 1469 362 1510 Feritas
372 1469 455 1510 mollita
464 1484 502 1524 per
511 1471 571 1513 iilam

95 1541 208 1586 Creditur:
219 1542 240 1582 id
250 1553 316 1582 curru
326 1540 438 1582 testificata
447 1555 487 1581 sno
496 1553 534 1584 est.

64 1622 93 1663 Aa
103 1631 144 1659 cur
154 1606 231 1659 turrita
240 1623 305 1671 caput
314 1624 346 1655 cst
355 1624 431 1655 ornata
441 1620 532 1656 coronat

95 1695 128 1736 dn
138 1691 233 1748 Phrygiis
244 1699 313 1732 turres
324 1687 415 1731 nrbibns
426 1688 461 1729 itta
471 1689 541 1731 dedit?

64 1766 153 1812 Adnuit.
164 1765 223 1807 L'ude
233 1764 301 1809 venit⁴
311 1763 367 1813 dixi,
376 1776 415 1804 sna
426 1763 524 1806 membra
534 1764 618 1806 secandi

95 1844 204 1896 Impetus?
215 1841 241 1881 L't
252 1838 320 1890 tacui,
330 1837 394 1879 Pieris
403 1850 451 1878 orsa
462 1835 533 1890 loqui:

62 1993 137 2034 Pnnrx
146 1999 201 2044 puer
209 1985 232 2027 iu
241 1985 299 2028 silvis
310 1983 364 2025 facie
372 1981 506 2039 spectabilis,
516 1983 580 2036 tuis,

93 2063 231 2118 Turrigeram
242 2070 301 2103 casto
311 2059 378 2101 vinxit
387 2072 462 2101 amore
475 2060 545 2101 boam.

62 2142 124 2184 Hunc
133 2136 174 2177 sibi
182 2133 262 2176 servari
272 2132 350 2179 voluit,
360 2145 399 2193 pua
410 2129 489 2184 templa
501 2132 567 2184 tueri;

89 2213 116 2255 Et
125 2208 190 2261 dixit,
200 2210 289 2263 Semper
298 2205 332 2250 fac
341 2218 397 2264 puer
405 2217 452 2248 esse
461 2204 518 2249 velis
