1650 2584
125 184 165 212 rto
287 170 443 212 terrente
461 171 598 213 tutonis,
685 187 706 214 v.
721 173 771 215 tor.

120 261 194 301 Pastor
204 256 303 312 inaequali
314 257 442 300 modulatur
450 258 557 302 arundine
566 272 672 302 carmen:

150 333 195 373 Nec
205 331 283 373 desunt
292 331 393 378 comites.
404 331 480 374 sedulo
490 333 565 383 turba,
575 346 647 376 canes.

119 408 181 447 Parte
190 415 270 447 sonant
279 404 320 447 niis
329 404 386 447 silvae
396 404 517 460 mugitibus
526 405 585 455 alte,

148 481 174 522 Et
183 478 282 533 queritur
291 478 385 520 vitulum
395 488 466 520 mater
475 479 548 524 abesse
557 492 631 521 suum.

120 553 189 610 Quid?
198 567 268 607 quum
277 551 399 608 suppositas
409 551 498 607 fugiunt
507 552 608 595 examine
617 562 696 614 taxos*

150 628 178 668 Ut
188 624 281 667 relevent
289 624 357 667 demti
368 623 449 666 vimina
460 635 515 667 totto
526 623 582 666 iavit

120 703 187 742 Poma
197 699 234 741 dat
243 708 376 741 autumnus:
388 697 486 740 formosa
495 708 527 741 est
536 698 644 741 messibus
654 709 731 743 costas:

150 773 194 813 Ver
203 772 284 827 prebet
293 770 369 813 ssores:
380 770 429 825 igne
439 770 522 813 levatur
531 770 608 812 hiems.

121 844 265 901 Temporibus
275 845 337 887 certis
348 854 459 887 maturam
470 845 563 887 rusticus
573 858 640 887 uvam

150 919 237 974 Detigiu
247 929 269 961 ct
277 920 338 960 nudo
346 919 387 960 sub
397 918 451 973 pede
461 927 533 959 musto
544 917 631 960 fluunt:

120 994 264 1050 Temporibus
274 994 336 1035 certis
346 994 441 1035 desectas
450 991 531 1049 adligat
539 993 629 1044 herbas;

148 1070 174 1109 Et
184 1077 269 1109 tonsam
279 1080 328 1107 roro
337 1066 422 1122 pectine
432 1066 496 1109 verrit
505 1065 608 1107 humum.

118 1144 165 1198 Ipse
174 1150 235 1197 potes
245 1141 310 1196 riguis
320 1139 418 1196 plantam
428 1141 534 1196 deponere
543 1140 566 1181 in
575 1140 645 1182 hortis
654 1155 659 1178 :

148 1218 195 1273 lpse
204 1226 265 1272 potes
274 1216 331 1257 rivos
340 1216 420 1257 ducere
429 1214 482 1257 lenis
491 1228 558 1269 aque.

119 1289 207 1332 Venerit
217 1288 300 1337 insitio;
311 1286 345 1329 icc
355 1301 443 1329 ramum
453 1301 527 1329 ramus
536 1288 636 1342 adoptet,

148 1367 235 1420 Stetque
244 1363 362 1419 peregrinis
370 1363 437 1404 arbor
446 1372 520 1417 operta
530 1361 605 1404 comis.

119 1442 192 1496 Quum
203 1436 269 1480 semel
278 1436 323 1478 haec
333 1436 433 1478 animum
443 1434 500 1491 cepit
509 1433 605 1477 mulcere
613 1434 729 1492 voluptas,

147 1514 256 1557 Debilibus
266 1513 342 1568 pennis
352 1512 426 1553 irritus
435 1511 479 1552 erit
488 1510 560 1552 Amor.

120 1589 158 1631 vel
170 1599 193 1631 tu
203 1585 294 1629 venandi
305 1586 402 1628 studium
412 1584 458 1626 cole
467 1598 471 1622 :
481 1596 536 1638 soepc
546 1582 632 1625 recessit

146 1662 247 1718 Turpiter
256 1676 268 1703 a
277 1660 349 1702 Phoebi
360 1660 417 1702 victa
427 1671 501 1700 sorore
511 1659 590 1699 Venus.

118 1739 182 1780 Nunc
192 1735 287 1791 leporem
298 1746 393 1789 pronum
402 1731 476 1773 catulo
485 1739 567 1772 sectore
575 1731 647 1787 sagaci
656 1746 661 1771 ε

147 1813 212 1852 Nunc
222 1818 260 1850 tuo
271 1805 378 1848 frondosis
388 1805 442 1847 retia
451 1804 514 1847 tende
520 1803 587 1859 jugis.

119 1887 161 1926 Aut
170 1883 258 1939 pavidos
268 1890 323 1922 terre
332 1880 392 1922 varia
402 1877 519 1921 formidine
528 1890 614 1919 cervos:

147 1961 191 1999 tut
200 1955 262 1996 cadat
272 1954 359 1996 adversa
369 1953 457 2008 cuspide
467 1950 536 1994 fossus
546 1964 604 2006 aper.

121 2032 188 2071 Nocte
198 2028 313 2081 fatigatum
324 2040 427 2078 somnus,
437 2040 481 2068 non
491 2040 543 2068 cura
553 2024 644 2081 puelle,

147 2098 237 2154 Excipit;
251 2107 273 2140 ct
282 2098 357 2153 pingui
367 2100 468 2140 membra
476 2098 548 2153 quiete
557 2098 620 2140 levat.

116 2174 194 2220 Lenius
204 2183 235 2215 est
245 2172 342 2215 studium
351 2206 356 2224 ‚
366 2173 465 2216 studium
475 2183 560 2226 tamen,
571 2173 622 2217 stite
631 2184 710 2230 capte,
