1650 2584
108 199 148 236 150
335 162 518 237 FasToRtJM
664 196 749 246 mryti.

136 286 161 327 Et
170 285 248 327 damus
257 283 350 327 alternas
359 285 521 340 accipimusque
530 287 615 339 precest

107 360 164 400 Tum
174 361 229 401 Dens
239 359 367 401 incumbens
377 357 466 408 baculo,
476 371 542 413 quem
552 357 626 399 dextra
636 356 738 413 gerebat,

137 434 215 476 Omina
224 434 345 490 principiis,
356 434 439 489 inquit,
449 434 517 475 inesse
527 432 603 475 solent.

108 509 139 550 td
149 510 243 564 primam
254 507 328 552 vocem
338 508 425 551 timidas
434 508 544 551 advertitis
553 521 626 558 aures;

70 639 73 644 ἕ
139 585 164 625 Et
173 582 240 624 visam
249 583 346 637 primurn
356 581 449 624 consulit
459 594 529 636 augur
537 593 606 622 avem.

109 656 198 712 Templa
208 666 281 712 patent
291 670 396 711 auresque
405 657 485 706 Deum3
496 669 535 697 nec
545 654 619 710 lingua
628 655 722 696 caducas

140 731 238 786 Concipit
247 730 290 771 ulla
300 743 383 785 preces,
393 730 493 784 dictaque
502 730 588 784 pondus
597 728 686 769 habent.

111 878 218 919 Drsrrarr
226 877 293 918 Janus
302 891 307 915 :
317 889 356 917 nec
366 875 430 930 longa
439 874 523 916 silentia
533 874 585 925 feci,

139 950 180 991 Sed
189 948 248 1003 tetigi
258 948 328 989 verbis
337 947 418 989 ultima
426 948 490 988 verba
499 946 564 988 meis:

111 1022 168 1079 Quid
179 1021 224 1064 vult
233 1022 305 1076 palma
315 1021 368 1071 sibi,
378 1031 499 1075 rugosaque
508 1019 589 1068 carice,
598 1019 652 1070 dixi,

140 1097 166 1137 Et
175 1095 225 1136 data
234 1094 275 1136 sub
286 1094 348 1135 niveo
357 1093 449 1134 candida
459 1092 524 1134 mella
533 1092 594 1134 favor

112 1170 192 1217 Omen,
202 1168 244 1217 ait,
253 1181 317 1209 causa
327 1176 370 1218 est,
380 1176 404 1209 ut
413 1180 446 1208 res
455 1180 519 1222 sapor
528 1165 563 1208 ilie
572 1175 687 1221 sequatur,
747 1163 748 1166 ’

140 1244 166 1284 Et
175 1251 262 1297 peragat
272 1250 366 1297 creptum
376 1240 445 1282 dulcis
455 1251 479 1283 ut
488 1248 558 1282 annus
568 1240 614 1281 iter.

110 1314 185 1357 Dulcia
194 1328 234 1356 cur
242 1315 332 1363 dentur,
342 1313 403 1355 video
412 1329 416 1353 :
427 1312 488 1368 stipis
497 1312 565 1368 adjice
574 1325 675 1360 causm,

142 1392 191 1430 Pars
202 1387 255 1428 mihi
265 1388 291 1428 de
302 1386 355 1429 festo
365 1400 392 1428 ne
401 1386 459 1428 labet
469 1384 513 1427 ulla
522 1395 567 1427 tuo.

110 1462 173 1512 Risit,
184 1471 215 1511 et,
225 1463 242 1502 Ο
252 1474 319 1515 quarn
330 1459 439 1501 refellunt
450 1469 487 1501 tua
498 1457 581 1510 secula,
592 1458 656 1509 dixit,

140 1536 183 1592 Qui
192 1535 246 1590 stipe
256 1536 298 1576 mei
308 1543 381 1576 sumta
390 1533 476 1575 dulcius
485 1546 529 1575 esse
539 1534 613 1588 putes!

113 1611 154 1652 Vir
164 1623 203 1664 ego
213 1612 305 1650 Saturno
315 1621 449 1663 quemquam
460 1616 562 1662 regnante
571 1606 684 1659 videbam,

142 1683 209 1738 Cujus
219 1695 263 1723 non
273 1681 348 1722 animo
357 1679 430 1722 dulcia
439 1679 499 1722 iucra
508 1678 586 1722 ferent.

111 1758 218 1812 Tempore
227 1754 294 1797 crevit
302 1768 376 1802 amor,
385 1754 423 1809 qui
432 1767 492 1795 nunc
501 1761 532 1796 est
541 1767 653 1804 summus,
663 1753 767 1799 habendi.

142 1831 183 1872 Vir
193 1829 260 1878 ultra,
270 1842 314 1883 quo
320 1827 369 1884 jam
378 1827 540 1883 progrediatur,
550 1827 622 1870 habet.

112 1902 180 1945 Pluris
190 1913 241 1955 opes
251 1914 309 1941 nunc
318 1910 381 1949 sunt,
390 1913 457 1954 quam
467 1899 531 1955 prisci
541 1899 644 1955 temporis
653 1900 730 1954 annis,

141 1979 198 2018 Dum
208 1974 301 2030 populus
312 1987 405 2030 pauper,
416 1974 469 2016 dum
480 1988 536 2015 nove
545 1976 613 2016 Roma
623 1973 676 2016 tuit:

112 2051 170 2092 Dum
180 2060 227 2088 casa
238 2047 377 2108 Martigenam
387 2046 486 2102 capiebat
494 2059 560 2101 parva
569 2045 698 2102 Quirinum,

140 2125 166 2165 Et
174 2121 240 2163 dabat
249 2119 351 2174 exiguum
362 2120 458 2162 fluminis
469 2119 517 2162 ulva
527 2129 608 2161 torum.

110 2196 194 2252 Jupiter
203 2202 294 2249 angusta
304 2192 338 2236 vix
349 2202 407 2236 totus
418 2195 489 2236 stabat
498 2193 521 2235 in
530 2194 587 2244 aede,
