1650 2584
22 227 50 255 v.
69 215 120 267 154.
279 213 379 255 creua
396 215 440 256 vr.
633 217 675 270 327

64 301 140 344 Sistite
150 315 187 344 vus
196 302 313 358 lacrymas,
323 302 369 358 ipsa
378 303 493 353 medebor,
502 302 540 346 ait

25 374 140 418 Protinus
149 375 239 417 arbutea
246 384 319 430 postes
329 375 392 417 teria
402 374 477 417 ordine
486 374 555 430 ungit

63 448 166 489 Fronde:
177 458 209 489 ter
218 448 308 489 arbutea
317 447 393 490 limina
402 446 480 490 fronde
489 458 557 491 notat.

27 521 124 579 Spargit
133 521 195 577 aquis
204 522 287 572 aditus,
296 523 333 564 sed
341 537 390 578 quae
399 522 535 565 medicamen
544 523 665 566 habebant:

67 597 166 650 Extaque
175 595 202 637 de
211 608 276 651 porca
285 595 353 638 eruat
361 595 463 638 bimestre
472 605 537 638 tenet,

31 671 110 723 Atque
120 667 161 709 ita:
172 666 264 710 «Noctis
273 681 333 719 ares,
342 667 395 710 extis
404 667 535 723 puerilibus.
544 668 626 724 inquit,

68 740 166 784 Parcite:
177 755 216 797 pra
225 755 291 798 parvo
300 742 387 784 victima
396 754 463 797 parva
471 741 535 784 cadit.

35 817 83 859 Cor
93 827 134 869 pro
143 815 218 865 corde,
228 828 316 870 precor,
326 828 366 871 pro
376 814 437 857 fibris
445 814 525 858 sumite
534 815 606 859 fibras.

71 889 132 930 lianc
141 889 239 930 animam
249 889 309 931 vobis
320 901 360 945 pro
369 887 460 930 meliore
469 889 573 932 damus.»

38 961 75 1004 Sic
87 961 125 1003 ubi
135 961 220 1014 libavit,
230 971 327 1018 prosecta
335 963 376 1006 suh
385 963 464 1005 aethere
471 962 543 1019 pouit:

72 1034 158 1091 Quique
166 1035 232 1079 sacris
240 1038 331 1087 adsunt,
341 1036 445 1091 respicere
454 1035 491 1078 illa
500 1045 564 1080 veut.

32 1109 154 1163 ⁴Virpaque
162 1109 243 1152 lanalis
251 1112 279 1153 de
287 1111 350 1166 spine
356 1110 455 1153 sumitur
462 1109 523 1161 alba,

72 1183 121 1237 Qua
130 1179 204 1225 lumen
215 1183 316 1226 thalamis
324 1197 391 1240 parva
401 1183 495 1227 ἔπειτα
504 1185 576 1227 dabat.

39 1258 93 1298 Post
101 1254 155 1297 illud
164 1270 202 1298 nec
211 1271 259 1299 aves
268 1272 336 1301 cunas
345 1257 434 1300 violasse
443 1257 554 1310 feruntur;

72 1330 98 1370 Et
107 1328 170 1372 rediit
178 1343 257 1385 puero,
267 1331 305 1386 qui
314 1331 358 1374 fuit
367 1342 429 1381 ante,
439 1330 505 1374 colar.

43 1403 133 1459 Pinguia
142 1417 182 1446 cut·
190 1404 231 1446 illis
239 1413 353 1459 gustentur
362 1405 423 1446 larua
431 1405 542 1455 Kalendis.

73 1477 181 1533 Mixtaque
191 1489 230 1519 cur
238 1477 309 1519 aalide
317 1477 345 1520 sit
353 1476 405 1519 faba
414 1476 483 1527 farre,
493 1482 566 1534 τομεῖ

44 1549 115 1594 Prisca
124 1551 165 1591 Dea
174 1558 216 1598 est;
225 1548 333 1603 aliturque
342 1548 406 1597 cibis,
416 1549 496 1603 quihus
505 1558 555 1592 aute
563 1549 656 1604 solebat;

75 1623 119 1664 Nec
129 1622 182 1678 petit
191 1621 282 1664 adscitas
291 1621 401 1664 luxuriosa
410 1622 483 1677 dapes.

45 1697 110 1741 Piscis
119 1696 190 1738 adhuc
198 1694 230 1736 illi
239 1694 320 1751 populo
329 1694 374 1736 sine
384 1693 461 1736 fraude
470 1695 570 1748 natabam

75 1770 189 1824 ostreaque
198 1769 220 1810 in
230 1768 318 1810 conchis
328 1778 375 1810 tuta
384 1767 445 1809 luere
454 1768 510 1811 suis:

49 1843 93 1886 Nec
102 1841 187 1884 Latium
197 1848 270 1887 norat.
280 1852 346 1894 quam
356 1841 437 1894 prabet
447 1839 505 1882 lonia
514 1840 585 1894 dives,

78 1918 121 1958 Nec
130 1929 177 1970 qua
186 1916 283 1972 Pygmaeo
292 1914 396 1969 sanguine
406 1914 496 1969 gaudet,
506 1928 581 1958 avem:

48 1992 74 2034 Et
81 1999 155 2046 prater
164 2001 245 2044 pennas
254 1988 307 2029 nihil
317 1988 340 2029 iu
349 2001 433 2044 pavone
441 1987 550 2043 placebat:

77 2065 120 2106 Nec
130 2062 191 2104 tellus
199 2071 272 2117 captas
282 2061 370 2105 miserat
378 2073 429 2105 aute
438 2061 501 2105 ieras.

47 2140 86 2183 Sus
93 2146 138 2180 erat
146 2135 169 2179 in
178 2135 259 2192 pretio:
269 2149 322 2179 cesa
329 2150 367 2180 sue
378 2135 433 2181 lesta
441 2136 546 2182 colebant.
