1650 2584
44 196 109 252 tto·
173 204 176 207 “
280 200 382 243 treet
399 203 449 245 111.
657 221 682 262 71

28 338 31 343 ⁵
43 282 120 326 Probra
129 284 267 342 Therapnaeae
278 288 317 343 qui
327 288 409 331 dixerat
418 300 469 333 ante
477 293 571 347 marite,

71 359 119 400 Mox
129 360 208 402 cecinit
217 361 294 403 laudes
304 363 439 418 prosperiore
448 364 500 421 lyra.

45 431 64 473 ti
72 432 127 476 bene
137 444 157 476 te
167 435 231 486 novi,
243 435 314 478 cultas
323 451 350 478 ne
360 436 411 479 tede
421 439 515 494 puellas:

70 508 156 561 Gratia,
166 509 223 551 dum
233 510 303 561 vives,
313 509 353 552 isto
362 513 455 566 petendo
466 513 511 556 tihi.

44 579 107 623 Dixit:
117 591 139 625 et
148 597 160 624 e
171 592 245 639 myrto
256 583 342 640 (myrto
351 598 404 627 nam
413 586 484 630 vincta
493 589 581 646 capillos

68 655 213 711 Constiterat)
224 654 303 698 folium
313 671 423 714 granaque
433 674 503 715 pauca
511 664 576 707 dedit.

45 728 152 772 Sensimus
163 730 258 786 acceptis
267 745 350 774 numen
360 747 453 789 quoque.
463 737 539 779 Purior
547 740 614 782 aether

70 804 148 853 fulsit,
159 814 202 847 ete
213 815 259 848 toto
269 817 354 861 pectore
364 809 427 851 cessit
436 823 498 853 onus.

44 878 95 919 lium
105 878 160 922 facit
169 879 293 935 ingenium
302 882 368 937 petite
377 883 428 925 hinc
437 897 553 943 precepta,
563 888 650 945 puelle,

68 951 126 1006 Quas
135 951 215 1006 pudor,
225 963 247 995 et
255 952 321 1008 leges,
332 964 353 997 et
361 968 400 997 sua
406 955 459 1011 jura
467 957 548 1002 sinunt.

45 1011 143 1068 vemarae
154 1040 262 1069 memores
268 1027 317 1083 jam
326 1042 386 1071 nune
395 1041 462 1074 estote
471 1044 573 1078 senecta:

70 1098 101 1139 Sic
111 1098 201 1141 nullum
210 1099 270 1141 vohis
280 1110 366 1157 tempus
375 1102 444 1146 ebibit
453 1104 516 1148 iners.

46 1171 97 1212 Dum
106 1171 169 1223 licet,
179 1182 201 1215 et
210 1187 270 1217 veros
280 1175 345 1217 etiam
356 1190 415 1219 nunc
425 1179 486 1222 editis
495 1195 574 1235 ann0s;

69 1245 146 1288 Ludite
154 1263 159 1287 :
170 1257 223 1289 eunt
231 1247 283 1290 anni
293 1262 354 1291 more
363 1249 450 1294 fluentis
459 1267 527 1308 aquae.

45 1319 95 1373 Nee,
104 1335 154 1377 quae
163 1323 276 1378 preteriit,
285 1323 365 1366 iterum
375 1329 511 1371 revocabitur
519 1331 577 1373 unda
586 1348 591 1374 :

70 1395 124 1445 Nec,
134 1408 183 1450 quae
193 1396 305 1451 proeteriit,
315 1398 369 1440 hora
379 1399 447 1443 redire
456 1411 533 1457 potest.

45 1466 149 1510 Utendum
159 1478 193 1511 est
200 1479 269 1512 aetote.
278 1471 325 1513 Cito
334 1473 388 1527 pede
397 1472 478 1517 labitur
485 1485 548 1518 etas:

70 1541 112 1583 Nec
122 1542 181 1584 bona
191 1551 237 1584 tarn
247 1544 351 1599 sequitur,
361 1559 428 1600 quam
439 1548 496 1590 bona
506 1550 577 1604 prima
586 1551 635 1595 fuit.

46 1614 82 1656 ilos
90 1630 140 1672 ego,
149 1617 188 1672 qui
197 1628 276 1660 canent
285 1617 384 1671 frutices,
394 1620 483 1664 violaria
491 1622 547 1665 vidi:

70 1688 110 1730 flac
120 1688 173 1730 mihi
183 1690 209 1731 de
219 1690 281 1745 spina
290 1702 351 1747 grata
359 1706 439 1735 corona
448 1696 498 1737 data
508 1705 545 1739 est.

46 1759 133 1817 tempus
141 1762 192 1812 erit,
201 1777 246 1818 quo
256 1774 292 1813 tu,
301 1778 349 1819 quae
359 1779 418 1808 nunc
428 1767 522 1812 excludis
531 1781 653 1825 amantem,

71 1833 151 1889 Frigido
160 1834 245 1877 deserta
254 1846 318 1878 nocte
323 1836 406 1892 jacebis
416 1853 484 1883 anus:

46 1904 84 1947 Nec
93 1916 129 1949 tua
138 1918 245 1950 nocturna
255 1907 367 1964 frangetur
372 1909 443 1966 jenua
453 1913 496 1956 rixa
505 1927 510 1952 :

70 1981 141 2035 Sparsa
150 1995 189 2023 nec
200 1981 296 2023 iuvenies
305 1981 380 2025 iimina
391 1999 455 2028 mane
465 2000 519 2029 rosa.

45 2053 108 2108 Quam
117 2055 170 2106 cito,
181 2069 218 2097 me
228 2056 344 2099 miserum!
355 2057 455 2102 laxantur
464 2074 554 2116 corpore
564 2064 634 2120 rugit,

70 2127 93 2169 Et
100 2128 162 2183 perit,
172 2128 197 2170 in
206 2127 277 2170 nitido
286 2129 323 2183 qui
334 2128 376 2172 fuit
386 2144 434 2182 ore,
444 2133 515 2174 codor!

46 2197 134 2257 Quosque
143 2200 211 2245 fuisse
222 2201 261 2243 tibi
271 2214 334 2244 canae
343 2216 357 2245 a
366 2203 446 2260 virgine
453 2204 526 2261 jures,
