1650 2584
72 184 164 221 v.1or.'
314 178 415 221 Linus
432 177 476 220 IV.
673 185 714 225 253

73 270 132 312 Cum
143 280 203 309 mare
213 276 262 310 trux
272 265 327 309 ories
336 280 405 313 cornu
414 268 520 310 decertat:
530 277 554 310 ct
562 267 620 311 idern

97 334 208 384 ⁴Frontem
219 341 301 384 dilecto
309 341 385 383 ledere
396 341 464 397 parcit
474 340 525 383 oris.

75 414 177 471 Deposita
188 424 262 457 taurus
271 414 369 470 sequitur
378 413 464 456 feritate
469 413 600 471 juvencam,

107 489 177 546 Quem
190 487 228 530 toti
238 487 318 538 saltus,
328 502 394 543 quem
404 501 483 530 nemus
492 502 568 539 omne,
579 500 683 534 tremunt.

77 561 117 605 Vis
127 563 215 613 endem,
224 561 269 604 lato
278 563 425 619 quodcunque
434 564 475 605 sub
485 576 570 619 aequore
580 565 641 617 vivit,

109 638 193 689 Servon
203 647 224 680 ct
234 638 354 679 innumeris
364 637 459 693 piscibus
467 638 544 693 impiet
553 653 628 694 aquas.

78 710 151 754 Prima
162 707 218 751 feros
228 710 316 752 habitus
325 710 409 752 homini
419 709 524 752 detraxit:
536 712 564 752 ab
573 711 610 753 iila

110 786 224 827 Venerunt
233 783 304 826 cultus
314 784 441 837 mundaque
451 797 503 824 cnm
513 784 553 825 sui.

78 858 165 903 Primus
175 872 251 900 amans
260 871 347 900 carmen
358 856 471 912 vigilatum
481 868 544 899 nocte
554 869 630 915 negata

109 931 191 973 Dicitur
201 932 228 974 ad
238 930 321 972 clausos
331 929 466 972 concinuisse
476 930 545 971 fores:

80 1005 242 1060 Eloquiumque
253 1003 295 1046 fuit
304 1005 383 1045 duram
393 1016 481 1045 exorare
490 1002 596 1058 puellom3

114 1083 197 1136 Proque
204 1094 243 1121 sua
253 1092 318 1121 causa
327 1079 420 1134 quisque
429 1078 521 1120 disertus
530 1089 584 1121 emt.

83 1153 142 1198 Mille
151 1168 189 1209 pcr
198 1154 254 1195 hunc
264 1162 320 1197 artes
329 1162 404 1195 motae:
414 1152 530 1207 studioque
540 1152 650 1207 placendi,

114 1229 166 1284 Qun
176 1226 258 1268 latuere
268 1225 341 1280 prius,
354 1225 424 1267 multa
434 1235 517 1279 reperta
527 1222 607 1267 ferunt.

83 1303 145 1344 Hanc
154 1299 270 1353 quisquam
282 1297 344 1340 tituio
354 1298 434 1340 mensis
444 1298 535 1353 spoliare
544 1300 634 1342 secundi

115 1371 233 1413 Audeatin
246 1369 308 1410 nobis
317 1369 343 1412 sit
354 1371 428 1425 procui
439 1371 478 1412 istc
489 1370 556 1412 furor.

83 1443 150 1502 Quid„
156 1442 215 1496 quod
222 1440 302 1495 ubique
307 1451 389 1496 potens„
396 1441 523 1496 templisque
529 1442 755 1499 frequentibusauctr,

117 1516 174 1557 Urbe
184 1524 257 1556 tamen
268 1523 341 1554 nostru
347 1513 385 1567 jus
396 1517 437 1554 Uen
446 1514 518 1567 majus
528 1514 605 1558 trabem

83 1596 127 1637 Pro
135 1586 211 1643 Troja,
221 1589 328 1632 Romane,
340 1595 377 1628 tua
385 1587 459 1628 Venus
467 1599 528 1627 erma
538 1587 631 1642 ferebat,

117 1666 192 1721 Quum
203 1658 286 1716 gemuit
297 1668 392 1700 teneram
403 1657 491 1711 cuspide
497 1657 547 1702 iaesa
557 1674 660 1716 menum

86 1739 231 1792 Coeicstesque
242 1734 296 1776 duas
308 1731 402 1787 Trojano
410 1731 486 1786 judice
493 1731 549 1774 vicit.

117 1811 174 1870 (Ain
186 1808 254 1852 nolim
266 1808 330 1849 victas
338 1806 379 1848 hoc
390 1804 515 1846 meminisse
523 1807 600 1864 neast)

88 1884 229 1939 Assaracique
239 1894 308 1922 nurus
317 1880 375 1921 dicto
383 1889 415 1921 cst
427 1888 466 1920 :ut
475 1878 556 1921 scilicet
565 1880 618 1924 oiim

118 1962 210 2016 annus
218 1954 287 1998 iiiieos
296 1956 365 1997 Cesar
373 1952 463 1995 haberet
473 1965 530 1994 oros.

86 2112 134 2154 Nec
145 2101 223 2151 Veneri
235 2113 333 2160 tempus,
342 2115 410 2160 quam
421 2114 470 2154 ver,
478 2109 525 2144 erat
534 2100 605 2158 aptius
613 2102 691 2149 ullum.

176 2193 205 2223 ιι.
556 2198 560 2203 ·
614 2191 638 2230 ¹7
