1650 2584
53 166 69 193 v.
81 155 126 196 53⁵.
294 148 395 194 troni
411 154 443 194 11.
661 155 688 207 ⁵9

51 244 100 299 Quid
110 256 186 286 moror
194 243 219 284 in
228 241 315 298 parvis?
324 242 411 285 animus
421 241 541 299 majoribus
549 242 621 285 instet.

75 321 150 375 Magus
159 331 241 360 canam
249 333 254 358 :
267 326 314 358 toto
323 326 421 372 pectore,
430 317 518 373 vulgus,
528 318 584 359 ades.

50 392 114 434 tuus
124 390 246 433 molimur:
256 390 295 431 sed
304 389 376 440 nulla,
385 389 426 432 nisi
435 391 515 441 ardua,
525 390 598 432 virtus.

75 464 170 507 Difficilis
180 474 257 506 nostra
266 462 363 518 poscitur
371 473 417 506 arte
426 462 494 505 labor.
569 447 576 461 ¹

51 537 138 580 Rivalem
148 537 260 594 patienter
269 536 336 586 habe;
347 536 435 579 victoria
444 547 517 578 tecum

75 611 153 653 Stabit:
164 610 208 651 eris
218 608 293 664 magni
303 608 401 650 victorin
411 623 459 650 arce
468 609 532 650 iovis.

51 682 91 724 Hac
101 683 140 724 tibi
150 696 196 724 uon
206 680 332 730 bominem,
341 681 377 722 sed
387 695 479 735 quercus
488 681 551 723 crede
559 679 656 736 Pelasgas

76 754 152 796 Dicere.
163 754 200 796 Nil
209 754 256 796 istis
265 767 300 794 ars
310 767 358 794 mea
368 752 440 808 majus
450 753 522 795 habet.

50 826 122 870 Innuet
131 827 181 875 itta,
191 826 247 869 feras
256 843 261 867 z
271 827 361 875 scribet,
371 840 399 867 ne
410 835 473 881 tange
483 825 583 868 tabellas:

76 901 134 941 Unde
144 898 215 949 volet,
225 898 297 941 veniat
305 911 407 954 :quoque
417 897 503 949 libebit,
513 907 554 940 eat.

51 972 90 1014 flor
99 973 121 1014 in
131 972 228 1028 legitima
237 981 338 1027 prestent
348 985 413 1012 uxore
424 970 507 1022 mariti;

76 1048 146 1104 Quum
159 1056 226 1094 tener,
235 1045 263 1087 ad
273 1054 344 1100 partes
354 1054 378 1086 tu
388 1058 486 1100 quoque,
496 1044 659 1093 somneaenis.

52 1117 89 1160 flac
98 1132 148 1174 ego,
159 1116 272 1168 confiteor,
281 1131 325 1158 nou
335 1130 385 1157 sum
395 1115 503 1171 perficctus
512 1117 534 1158 in
544 1127 596 1159 arte.

76 1193 129 1251 Quid
139 1191 232 1234 faciam?
243 1191 331 1233 monitis
340 1204 390 1232 sunt
401 1191 473 1232 minor
482 1191 526 1247 ipse
536 1191 596 1233 meis.

51 1267 106 1309 liene
115 1268 188 1323 palam
198 1276 277 1308 nostrae
286 1267 323 1307 det
332 1266 449 1321 quisquam
459 1266 519 1322 signa
528 1265 617 1322 puellari

76 1343 99 1384 Et
106 1341 190 1397 patior?
199 1353 238 1382 nec
249 1353 283 1381 me
292 1339 391 1394 quolibet
399 1339 431 1380 ira
441 1339 508 1381 ferat?

50 1416 119 1458 &enin
129 1415 162 1457 vir
171 1416 270 1461 dederat.
281 1413 385 1465 memini,
394 1429 447 1456 suus
457 1431 461 1456 :
471 1414 545 1457 oscula
553 1423 642 1470 questus

75 1491 125 1533 Sum
134 1491 193 1533 data.
204 1489 303 1532 barbaric
313 1498 387 1531 noster
396 1490 494 1532 abundat
503 1502 572 1531 amor.

51 1563 93 1606 Non
102 1564 169 1607 semei
180 1565 223 1606 boe
233 1565 311 1606 vitium
322 1564 397 1606 nocuit
406 1564 468 1605 mihi.
478 1564 564 1606 Doctior
572 1563 619 1617 iile,

75 1641 120 1697 Quo
131 1638 221 1681 veniunt
230 1638 267 1680 atii
277 1637 406 1680 conciliante
416 1639 469 1681 viro.

52 1711 87 1754 ted
96 1712 174 1755 melius
183 1712 276 1754 nescisse
287 1709 336 1753 fuit.
347 1711 395 1752 Sine
405 1710 464 1754 furta
474 1721 583 1768 tegantur3

75 1787 104 1828 Ne
113 1786 184 1843 fugiat
194 1785 250 1828 victo
261 1784 331 1827 fassus
340 1786 368 1827 ab
378 1798 415 1827 ore
425 1786 501 1841 pudor.

48 1860 91 1917 Quo
99 1861 179 1918 magis,
190 1875 203 1902 o
208 1859 313 1916 juvenes,
323 1860 455 1914 deprendere
464 1860 544 1915 parcite
553 1869 638 1902 vestras.

72 1937 172 1978 Peceent:
183 1926 298 1991 peccantes
308 1933 373 1975 verba
382 1933 465 1975 dedisse
473 1942 557 1989 putent.

48 2010 121 2053 Crescit
130 2024 195 2052 amor
203 2007 295 2065 prensis.
305 2007 345 2049 Ubi
356 2021 395 2063 par
404 2007 493 2051 fortuna
502 2009 597 2052 duorum
606 2017 650 2059 est,

72 2086 95 2127 ln
105 2100 170 2128 causa
180 2082 258 2127 damni
268 2091 349 2137 perstat
358 2093 449 2137 uterque
458 2083 498 2124 sui.

47 2157 121 2203 ruat·
131 2167 236 2204 narratur
247 2164 294 2199 toto
302 2155 416 2199 notissima
424 2155 490 2200 eoeio:
