1650 2584
39 170 41 174 ·
101 165 142 207 sss
330 166 511 208 rtsronnu
608 168 773 222 ,esent

128 252 211 304 Currit,
222 262 246 296 ut
255 253 334 296 auditis
344 255 418 297 territa
425 256 492 297 dama
500 253 564 311 lupis.

98 327 201 382 Corniger
210 327 266 370 banc
275 327 358 384 cupidis
367 327 464 383 rapuisse
473 328 588 370 Numicius
597 328 663 371 undis

128 402 234 453 Creditur,
244 411 265 445 et
274 402 354 458 stagnis
363 401 483 444 occuluisse
492 403 544 445 suis.

98 473 183 516 Sidonis
193 474 274 517 interea
283 488 363 531 magun
372 474 468 516 elamore
477 488 516 530 per
524 488 587 530 agros

129 547 247 605 Quaeritur:
257 548 362 603 adparent
370 531 433 602 signa
440 557 540 602 notaque
547 547 637 603 pedum.

41 623 47 633 ‘
100 623 196 664 Ventum
205 632 252 665 erat
261 623 288 664 ad
298 622 355 678 ripas
364 636 369 661 :
379 622 464 664 inerant
472 621 560 678 vestigia
570 622 628 678 ripis.
694 637 696 639 ’

129 695 235 738 Sustinuit
245 695 318 738 tacitns
328 695 427 738 conscius
437 695 508 738 amnis
516 710 590 751 aquas.

100 770 147 824 lpsa
156 768 215 824 loqui
225 768 271 810 visa
279 779 311 811 est
319 783 324 808 :
333 768 411 810 Placidi
420 782 470 810 surn
480 768 583 825 Nympha
591 768 693 820 Numiei;
754 774 756 777 '

129 845 197 885 Amne
206 857 300 899 perenne
310 843 389 893 lateus,
398 845 459 886 dnnn
469 846 565 885 Perenna
573 856 644 885 venor.

85 915 91 925 ²
100 918 199 961 Protinus
208 919 283 961 erratis
293 918 335 961 laeti
344 929 462 961 vescuntur
470 918 494 960 in
503 919 570 974 agris,

129 993 155 1033 Et
164 991 273 1034 celebrant
282 990 342 1047 largo
351 1003 416 1046 seque
425 991 527 1047 diemque
536 1005 604 1034 mero.
642 1012 645 1016 ⁴

97 1063 239 1120 Suntquibus
245 1064 290 1106 baec
295 1066 354 1106 Luna
359 1074 398 1115 est,
403 1065 454 1120 quia
460 1064 571 1107 mensibus
576 1062 666 1120 impleat
671 1077 761 1106 annum
770 1081 776 1106 :

128 1140 177 1180 Pars
186 1137 289 1187 Themin,
299 1129 410 1180 Inachiam
420 1152 470 1194 pars
478 1147 542 1194 putat
551 1151 595 1180 esse
605 1139 691 1180 bovem.

21 1220 24 1227 ’
99 1210 206 1261 Invenies,
217 1211 254 1266 qui
264 1220 285 1253 te
294 1211 411 1267 Nymphen
420 1210 528 1254 Atlantida
537 1211 622 1262 dicant,

128 1286 201 1341 Teque
208 1284 256 1327 lovi
265 1284 358 1340 primos,
367 1289 440 1337 Anna,
449 1285 531 1328 dedisse
541 1284 607 1327 eibos.

99 1435 147 1477 llnc
156 1448 255 1490 quoque,
264 1448 331 1490 quem
342 1434 447 1486 referam,
457 1445 541 1479 nostras
549 1432 647 1491 pervenit
655 1434 684 1476 nd
693 1447 762 1477 aures

127 1510 205 1561 Fama;
214 1522 253 1550 nec
264 1522 277 1550 a
287 1522 336 1551 vera
345 1510 434 1552 dissidet
442 1508 478 1561 illa
488 1509 537 1551 lide.
573 1539 576 1544 -

61 1615 63 1619 ¹
98 1582 159 1626 Plebs
169 1591 240 1633 vetus,
250 1592 272 1625 et
281 1581 346 1624 nullis
355 1583 477 1625 etiamnum
486 1592 535 1625 tnta
543 1582 657 1633 Tribunis,

129 1655 204 1711 Fugit,-
213 1665 234 1698 et
244 1655 266 1697 in
276 1656 330 1699 sacri
340 1656 418 1718 vertiee
428 1655 509 1698 montis
517 1655 570 1698 abit.

99 1731 148 1771 lam
158 1743 255 1785 qunque,
265 1742 331 1784 quern
341 1743 416 1771 seeum
426 1728 531 1780 tulerant,
540 1727 649 1772 defecerat
657 1725 707 1770 illos

129 1801 216 1851 Victus,
226 1810 248 1844 et
256 1802 358 1845 humanis
368 1802 503 1857 usibusapta
512 1803 581 1844 Ceres.

101 1877 152 1917 Orta
160 1874 293 1929 suburbanis
301 1876 401 1930 quaedam
411 1875 454 1917 tuit
462 1877 523 1917 Anna
532 1874 628 1926 Bovillis,

128 1949 219 2002 Pauper,
228 1949 265 1990 sed
275 1949 362 1991 mundae
371 1948 501 2000 sedulitatis,
512 1962 574 1990 anns.

100 2019 150 2068 llla,
160 2019 200 2061 levi
211 2020 276 2063 mitra
285 2035 350 2063 canos
359 2021 460 2064 redimita
469 2021 568 2077 capillos,

129 2091 232 2146 Fingebat
242 2093 335 2135 tremula
345 2094 425 2136 rustica
434 2093 478 2136 liba
487 2108 563 2136 manu.

101 2166 170 2221 ltque
179 2164 210 2208 ita
219 2178 257 2222 per
265 2166 373 2223 pnptdutn
383 2166 492 2211 fumantia
502 2180 567 2210 mane
575 2166 659 2211 solebat
