1650 2584
81 158 154 209 used.
328 156 428 198 LIBER
446 159 462 198 1.

105 246 197 289 Odesint
206 245 287 288 animis
297 258 326 287 ne
336 259 385 287 mea
395 247 459 288 verba
470 246 523 289 tuis!

79 318 180 374 Tergaque
189 320 336 370 Parthorum,
345 320 485 374 Romanaque
494 330 581 375 pectora
590 321 672 373 dicam;

104 392 204 447 Teiaque‚
215 394 243 434 ab
254 405 331 434 averso
340 405 388 447 quae
394 392 450 448 jacit
458 394 525 437 hostis
534 409 596 450 equo.

79 466 116 521 Qui
125 465 190 522 fugis,
201 477 227 510 ut
235 467 322 514 vineas.
332 467 384 522 quid
394 469 461 518 victo,
471 470 558 519 parthe,
569 469 682 525 relinquis?

104 541 186 589 Parthe,
197 541 284 584 malum
291 541 340 597 jam
351 555 410 584 nune
420 545 476 584 Mars
487 553 538 585 tuus
546 558 612 586 omen
624 544 697 587 habet.

80 612 127 669 Ergo
136 615 175 657 erit
182 614 222 657 ina
231 614 289 663 dies,
299 629 343 670 qua
353 625 388 665 tu,
398 615 544 671 pulcherrime
554 631 639 670 rerum,

103 689 198 744 Quatuor
207 689 230 731 in
240 688 309 730 niveis
319 702 397 730 aureus
408 689 449 731 ibis
459 691 532 746 equis?

78 760 136 804 Ibunt
144 772 193 804 ante
203 762 280 811 duces,
290 761 374 804 onerati
384 762 440 805 colla
449 763 540 813 eatenis3

102 835 132 877 Ne
141 836 223 891 possint
233 835 286 885 tuti,
297 849 340 890 qua
350 835 421 890 pn'us,
430 849 475 877 esse
485 834 544 891 fuga.

78 908 201 964 Spectabunt
211 908 253 951 laeti
260 908 363 965 juvenes.
374 909 489 964 mixtaeque
498 908 587 965 puellae:

103 982 254 1038 Diffundetque
264 981 350 1024 animos
359 982 463 1025 omnihus
472 983 512 1025 ista
521 983 572 1025 dies.

78 1055 139 1111 Atque
148 1056 219 1112 aliqua
229 1070 254 1097 ex
263 1055 306 1097 iltis
316 1070 386 1111 quum
396 1070 472 1112 regum
482 1058 572 1099 nomina
581 1069 674 1112 queret,

103 1131 151 1185 Quae
160 1131 219 1181 loca,
228 1130 267 1186 qui
277 1139 374 1181 montes,
384 1145 457 1186 quaeve
468 1130 565 1174 ferantur
574 1147 647 1188 aquae;

78 1203 147 1245 Omnia
157 1205 274 1260 responde:
285 1217 325 1244 nec
336 1212 423 1246 tantum
433 1204 451 1245 si
460 1218 503 1259 qua
514 1205 607 1261 rogabit;

101 1279 125 1319 Et
133 1292 179 1332 quae
190 1277 301 1327 nescieris,
311 1287 336 1318 ut
345 1278 400 1318 bene
409 1288 461 1319 nota
471 1277 533 1320 refer.

76 1349 109 1391 iiie
117 1360 147 1393 est
153 1351 284 1407 Euphrates,
295 1350 423 1406 praecinctus
432 1353 538 1394 arundine
548 1352 642 1396 frontem
652 1369 656 1393 :

101 1424 138 1466 Cui
147 1438 209 1467 coma
219 1425 325 1480 dependet
334 1424 424 1475 caerula,
434 1426 502 1480 Tigris
510 1426 557 1469 erit.

75 1497 112 1540 iios
121 1498 184 1542 facito
194 1499 317 1541 Armenius:
329 1499 374 1541 haec
384 1509 416 1542 est
425 1501 517 1542 Danaeia
526 1501 605 1543 Persis:

100 1574 151 1616 Urbs
160 1575 182 1615 in
192 1572 333 1616 Aehaemeniis
343 1572 434 1616 vallibus
444 1573 484 1615 ista
494 1574 543 1616 fuit.

74 1646 116 1699 ille,
126 1649 158 1690 vei
168 1648 214 1699 iile,
224 1650 296 1691 duces.
307 1650 332 1690 Et
341 1658 417 1700 erunt,
427 1662 475 1704 que
485 1650 574 1692 nomina
585 1648 656 1692 dicas:

99 1723 118 1765 Si
127 1723 217 1779 poteris,
227 1737 288 1764 vere:
298 1721 316 1765 si
326 1723 410 1771 minus,
422 1732 472 1778 apta
483 1732 562 1765 tamen.

74 1795 123 1840 Dant
132 1798 197 1840 etiam
207 1797 283 1853 positis
292 1797 377 1839 aditum
388 1796 486 1838 convivia
496 1797 588 1839 mensis:

97 1872 132 1912 Est
141 1870 234 1926 aliquid,
244 1880 321 1926 praeter
330 1869 391 1919 vina,
401 1870 461 1924 quod
471 1869 520 1911 inde
529 1881 595 1926 petas.

72 1943 125 2000 Saepe
135 1945 177 1986 iilic
187 1944 252 2000 positi
264 1944 340 1986 teneris
350 1943 446 1985 adducta
455 1943 539 1986 lacertis

97 2021 219 2074 Purpureus
228 2018 304 2060 Bacchi
314 2031 396 2060 cornua
406 2017 483 2072 pressit
491 2021 563 2059 Amor.

72 2091 165 2149 Vinaque
174 2107 244 2149 quum
255 2091 341 2135 bibulas
350 2105 446 2147 sparsere
456 2092 567 2147 Cupidinis
576 2092 631 2140 alas,

95 2166 220 2217 Permanet,
230 2176 251 2208 et
261 2174 325 2220 capto
334 2173 377 2206 stat
387 2163 457 2218 gravis
466 2162 502 2204 iila
510 2163 565 2204 loco.

613 2245 634 2271 π,
