<?xml version="1.0" encoding="UTF-8"?>
<!DOCTYPE html PUBLIC "-//W3C//DTD XHTML 1.0 Transitional//EN"
    "http://www.w3.org/TR/xhtml1/DTD/xhtml1-transitional.dtd">
<html xmlns="http://www.w3.org/1999/xhtml" xml:lang="en" lang="en">
 <head>
  <title>
</title>
<meta http-equiv="Content-Type" content="text/html;charset=utf-8" />
  <meta name='ocr-system' content='tesseract 3.04.00' />
  <meta name='ocr-capabilities' content='ocr_page ocr_carea ocr_par ocr_line ocrx_word'/>
</head>
<body>
  <div class='ocr_page' id='page_1' title='image "./opera01accugoog_0097.png"; bbox 0 0 1650 2584; ppageno 0'>
   <div class='ocr_carea' id='block_1_1' title="bbox 77 145 725 200">
    <p class='ocr_par' dir='ltr' id='par_1_1' title="bbox 77 145 725 200">
     <span class='ocr_line' id='line_1_1' title="bbox 77 145 725 200; baseline 0.002 -14"><span class='ocrx_word' id='word_1_1' title='bbox 77 149 164 197; x_wconf 80' lang='lat' dir='ltr'>v.751.</span> <span class='ocrx_word' id='word_1_2' title='bbox 320 146 424 187; x_wconf 77' lang='lat' dir='ltr'>LIBER</span> <span class='ocrx_word' id='word_1_3' title='bbox 442 145 490 187; x_wconf 89' lang='lat' dir='ltr'>lll.</span> <span class='ocrx_word' id='word_1_4' title='bbox 697 157 725 200; x_wconf 78' lang='lat'>97</span> 
     </span>
    </p>
   </div>
   <div class='ocr_carea' id='block_1_2' title="bbox 48 222 748 2201">
    <p class='ocr_par' dir='ltr' id='par_1_2' title="bbox 48 222 748 2201">
     <span class='ocr_line' id='line_1_2' title="bbox 76 222 602 288; baseline -0.004 -13"><span class='ocrx_word' id='word_1_5' title='bbox 76 235 129 275; x_wconf 87' lang='lat' dir='ltr'>Sera</span> <span class='ocrx_word' id='word_1_6' title='bbox 139 232 202 282; x_wconf 84' lang='lat' dir='ltr'>veni;</span> <span class='ocrx_word' id='word_1_7' title='bbox 211 233 324 288; x_wconf 85' lang='lat' dir='ltr'>positaque</span> <span class='ocrx_word' id='word_1_8' title='bbox 334 222 413 274; x_wconf 83' lang='lat' dir='ltr'>decens</span> <span class='ocrx_word' id='word_1_9' title='bbox 423 233 497 274; x_wconf 86' lang='lat' dir='ltr'>incede</span> <span class='ocrx_word' id='word_1_10' title='bbox 506 231 602 275; x_wconf 79' lang='lat' dir='ltr'>lucerna.</span> 
     </span>
     <span class='ocr_line' id='line_1_3' title="bbox 107 305 676 349; baseline -0.004 0"><span class='ocrx_word' id='word_1_11' title='bbox 107 309 177 349; x_wconf 85' lang='lat' dir='ltr'>Grata</span> <span class='ocrx_word' id='word_1_12' title='bbox 187 320 249 348; x_wconf 81' lang='lat' dir='ltr'>mora</span> <span class='ocrx_word' id='word_1_13' title='bbox 257 316 290 349; x_wconf 87' lang='lat' dir='ltr'>cst</span> <span class='ocrx_word' id='word_1_14' title='bbox 300 306 380 348; x_wconf 85' lang='lat' dir='ltr'>Veneri</span> <span class='ocrx_word' id='word_1_15' title='bbox 388 323 393 346; x_wconf 84' lang='lat' dir='ltr'><strong><em>z</em></strong></span> <span class='ocrx_word' id='word_1_16' title='bbox 403 305 499 347; x_wconf 86' lang='lat' dir='ltr'>maxima</span> <span class='ocrx_word' id='word_1_17' title='bbox 509 306 558 348; x_wconf 87' lang='lat' dir='ltr'>lena</span> <span class='ocrx_word' id='word_1_18' title='bbox 568 318 630 347; x_wconf 85' lang='lat' dir='ltr'>mora</span> <span class='ocrx_word' id='word_1_19' title='bbox 638 314 676 347; x_wconf 76' lang='lat' dir='ltr'>eet.</span> 
     </span>
     <span class='ocr_line' id='line_1_4' title="bbox 78 378 565 434; baseline 0 -14"><span class='ocrx_word' id='word_1_20' title='bbox 78 379 122 421; x_wconf 84' lang='lat' dir='ltr'>Etsi</span> <span class='ocrx_word' id='word_1_21' title='bbox 134 379 206 434; x_wconf 84' lang='lat' dir='ltr'>turpis</span> <span class='ocrx_word' id='word_1_22' title='bbox 216 379 269 430; x_wconf 84' lang='lat' dir='ltr'>eris,</span> <span class='ocrx_word' id='word_1_23' title='bbox 278 378 376 420; x_wconf 80' lang='lat' dir='ltr'>formosa</span> <span class='ocrx_word' id='word_1_24' title='bbox 387 378 486 420; x_wconf 82' lang='lat' dir='ltr'>videbere</span> <span class='ocrx_word' id='word_1_25' title='bbox 495 379 565 434; x_wconf 82' lang='lat' dir='ltr'>potis:</span> 
     </span>
     <span class='ocr_line' id='line_1_5' title="bbox 107 451 544 506; baseline -0.002 -12"><span class='ocrx_word' id='word_1_26' title='bbox 107 453 135 494; x_wconf 85' lang='lat' dir='ltr'>Et</span> <span class='ocrx_word' id='word_1_27' title='bbox 145 452 240 494; x_wconf 81' lang='lat' dir='ltr'>latebras</span> <span class='ocrx_word' id='word_1_28' title='bbox 250 451 307 494; x_wconf 83' lang='lat' dir='ltr'>vitiis</span> <span class='ocrx_word' id='word_1_29' title='bbox 316 464 360 492; x_wconf 84' lang='lat' dir='ltr'>nox</span> <span class='ocrx_word' id='word_1_30' title='bbox 369 451 431 493; x_wconf 89' lang='lat' dir='ltr'>dabit</span> <span class='ocrx_word' id='word_1_31' title='bbox 439 451 485 506; x_wconf 88' lang='lat' dir='ltr'>ipse</span> <span class='ocrx_word' id='word_1_32' title='bbox 495 451 544 493; x_wconf 88' lang='lat' dir='ltr'>tuis.</span> 
     </span>
     <span class='ocr_line' id='line_1_6' title="bbox 79 523 650 580; baseline -0.005 -13"><span class='ocrx_word' id='word_1_33' title='bbox 79 528 151 580; x_wconf 78' lang='lat' dir='ltr'>Carpe</span> <span class='ocrx_word' id='word_1_34' title='bbox 161 525 221 567; x_wconf 86' lang='lat' dir='ltr'>cibos</span> <span class='ocrx_word' id='word_1_35' title='bbox 230 525 313 580; x_wconf 51' lang='lat' dir='ltr'>digitis</span> <span class='ocrx_word' id='word_1_36' title='bbox 324 534 357 566; x_wconf 82' lang='lat' dir='ltr'>est</span> <span class='ocrx_word' id='word_1_37' title='bbox 365 524 471 579; x_wconf 83' lang='lat' dir='ltr'>quiddam</span> <span class='ocrx_word' id='word_1_38' title='bbox 480 534 552 579; x_wconf 73' lang='lat' dir='ltr'>gestus</span> <span class='ocrx_word' id='word_1_39' title='bbox 561 523 650 566; x_wconf 87' lang='lat' dir='ltr'>edendi:</span> 
     </span>
     <span class='ocr_line' id='line_1_7' title="bbox 108 598 633 654; baseline -0.002 -13"><span class='ocrx_word' id='word_1_40' title='bbox 108 601 153 641; x_wconf 84' lang='lat' dir='ltr'>Ora</span> <span class='ocrx_word' id='word_1_41' title='bbox 163 613 204 641; x_wconf 85' lang='lat' dir='ltr'>nee</span> <span class='ocrx_word' id='word_1_42' title='bbox 212 598 329 640; x_wconf 88' lang='lat' dir='ltr'>immunda</span> <span class='ocrx_word' id='word_1_43' title='bbox 340 608 386 640; x_wconf 87' lang='lat' dir='ltr'>tota</span> <span class='ocrx_word' id='word_1_44' title='bbox 395 611 490 654; x_wconf 78' lang='lat' dir='ltr'>perunge</span> <span class='ocrx_word' id='word_1_45' title='bbox 500 612 575 640; x_wconf 85' lang='lat' dir='ltr'>manu.</span> <span class='ocrx_word' id='word_1_46' title='bbox 631 599 633 603; x_wconf 64' lang='lat'><em>&#39;</em></span> 
     </span>
     <span class='ocr_line' id='line_1_8' title="bbox 79 672 603 727; baseline 0.004 -14"><span class='ocrx_word' id='word_1_47' title='bbox 79 673 140 714; x_wconf 82' lang='lat' dir='ltr'>Neve</span> <span class='ocrx_word' id='word_1_48' title='bbox 149 672 211 714; x_wconf 90' lang='lat' dir='ltr'>domi</span> <span class='ocrx_word' id='word_1_49' title='bbox 220 684 328 727; x_wconf 79' lang='lat' dir='ltr'>praesume</span> <span class='ocrx_word' id='word_1_50' title='bbox 337 672 414 726; x_wconf 86' lang='lat' dir='ltr'>dapes:</span> <span class='ocrx_word' id='word_1_51' title='bbox 425 683 447 714; x_wconf 89' lang='lat' dir='ltr'>et</span> <span class='ocrx_word' id='word_1_52' title='bbox 455 672 539 726; x_wconf 80' lang='lat' dir='ltr'>desine,</span> <span class='ocrx_word' id='word_1_53' title='bbox 549 673 603 717; x_wconf 83' lang='lat' dir='ltr'>citra</span> 
     </span>
     <span class='ocr_line' id='line_1_9' title="bbox 108 746 654 804; baseline 0 -15"><span class='ocrx_word' id='word_1_54' title='bbox 108 749 182 804; x_wconf 78' lang='lat' dir='ltr'>Quam</span> <span class='ocrx_word' id='word_1_55' title='bbox 193 747 265 803; x_wconf 87' lang='lat' dir='ltr'>capies</span> <span class='ocrx_word' id='word_1_56' title='bbox 273 746 351 802; x_wconf 80' lang='lat' dir='ltr'>paulo,</span> <span class='ocrx_word' id='word_1_57' title='bbox 361 760 429 801; x_wconf 89' lang='lat' dir='ltr'>quam</span> <span class='ocrx_word' id='word_1_58' title='bbox 438 757 498 803; x_wconf 78' lang='lat' dir='ltr'>potes</span> <span class='ocrx_word' id='word_1_59' title='bbox 507 762 563 798; x_wconf 88' lang='lat' dir='ltr'>esse,</span> <span class='ocrx_word' id='word_1_60' title='bbox 574 747 654 790; x_wconf 82' lang='lat' dir='ltr'>minus.</span> 
     </span>
     <span class='ocr_line' id='line_1_10' title="bbox 80 820 612 875; baseline 0.002 -13"><span class='ocrx_word' id='word_1_61' title='bbox 80 821 200 862; x_wconf 79' lang='lat' dir='ltr'>Priamides</span> <span class='ocrx_word' id='word_1_62' title='bbox 210 820 302 861; x_wconf 79' lang='lat' dir='ltr'>Helenen</span> <span class='ocrx_word' id='word_1_63' title='bbox 314 820 375 861; x_wconf 82' lang='lat' dir='ltr'>avide</span> <span class='ocrx_word' id='word_1_64' title='bbox 384 820 401 861; x_wconf 86' lang='lat' dir='ltr'>si</span> <span class='ocrx_word' id='word_1_65' title='bbox 410 830 492 875; x_wconf 75' lang='lat' dir='ltr'>spectet</span> <span class='ocrx_word' id='word_1_66' title='bbox 501 822 612 873; x_wconf 81' lang='lat' dir='ltr'>edentem,</span> 
     </span>
     <span class='ocr_line' id='line_1_11' title="bbox 109 892 577 949; baseline 0 -13"><span class='ocrx_word' id='word_1_67' title='bbox 109 894 194 944; x_wconf 80' lang='lat' dir='ltr'>Oderit;</span> <span class='ocrx_word' id='word_1_68' title='bbox 204 902 226 936; x_wconf 88' lang='lat' dir='ltr'>et</span> <span class='ocrx_word' id='word_1_69' title='bbox 234 894 304 943; x_wconf 80' lang='lat' dir='ltr'>dicat,</span> <span class='ocrx_word' id='word_1_70' title='bbox 315 892 384 935; x_wconf 87' lang='lat' dir='ltr'>Stulta</span> <span class='ocrx_word' id='word_1_71' title='bbox 395 894 471 949; x_wconf 84' lang='lat' dir='ltr'>rapina</span> <span class='ocrx_word' id='word_1_72' title='bbox 481 908 530 936; x_wconf 87' lang='lat' dir='ltr'>mea</span> <span class='ocrx_word' id='word_1_73' title='bbox 539 905 577 937; x_wconf 81' lang='lat' dir='ltr'>est.</span> 
     </span>
     <span class='ocr_line' id='line_1_12' title="bbox 80 968 597 1024; baseline 0 -14"><span class='ocrx_word' id='word_1_74' title='bbox 80 969 155 1024; x_wconf 75' lang='lat' dir='ltr'>Aptius</span> <span class='ocrx_word' id='word_1_75' title='bbox 164 978 208 1016; x_wconf 83' lang='lat' dir='ltr'>est,</span> <span class='ocrx_word' id='word_1_76' title='bbox 218 968 337 1023; x_wconf 83' lang='lat' dir='ltr'>deceatque</span> <span class='ocrx_word' id='word_1_77' title='bbox 347 969 414 1023; x_wconf 74' lang='lat' dir='ltr'>magis</span> <span class='ocrx_word' id='word_1_78' title='bbox 424 979 499 1024; x_wconf 85' lang='lat' dir='ltr'>potare</span> <span class='ocrx_word' id='word_1_79' title='bbox 509 968 597 1024; x_wconf 87' lang='lat' dir='ltr'>puellas.</span> 
     </span>
     <span class='ocr_line' id='line_1_13' title="bbox 107 1042 647 1097; baseline 0 -11"><span class='ocrx_word' id='word_1_80' title='bbox 107 1045 164 1086; x_wconf 83' lang='lat' dir='ltr'>Cum</span> <span class='ocrx_word' id='word_1_81' title='bbox 175 1042 265 1084; x_wconf 79' lang='lat' dir='ltr'>Veneris</span> <span class='ocrx_word' id='word_1_82' title='bbox 273 1056 342 1097; x_wconf 83' lang='lat' dir='ltr'>puero</span> <span class='ocrx_word' id='word_1_83' title='bbox 353 1056 396 1084; x_wconf 88' lang='lat' dir='ltr'>non</span> <span class='ocrx_word' id='word_1_84' title='bbox 407 1043 475 1094; x_wconf 83' lang='lat' dir='ltr'>male,</span> <span class='ocrx_word' id='word_1_85' title='bbox 486 1045 577 1095; x_wconf 83' lang='lat' dir='ltr'>Bacche,</span> <span class='ocrx_word' id='word_1_86' title='bbox 587 1044 647 1087; x_wconf 84' lang='lat' dir='ltr'>lacis.</span> 
     </span>
     <span class='ocr_line' id='line_1_14' title="bbox 80 1117 748 1175; baseline 0.004 -17"><span class='ocrx_word' id='word_1_87' title='bbox 80 1117 123 1158; x_wconf 86' lang='lat' dir='ltr'>lloc</span> <span class='ocrx_word' id='word_1_88' title='bbox 130 1130 231 1172; x_wconf 80' lang='lat' dir='ltr'>quoque,</span> <span class='ocrx_word' id='word_1_89' title='bbox 239 1130 283 1171; x_wconf 89' lang='lat' dir='ltr'>qua</span> <span class='ocrx_word' id='word_1_90' title='bbox 291 1117 374 1170; x_wconf 80' lang='lat' dir='ltr'>patiens</span> <span class='ocrx_word' id='word_1_91' title='bbox 381 1127 447 1172; x_wconf 85' lang='lat' dir='ltr'>caput</span> <span class='ocrx_word' id='word_1_92' title='bbox 454 1127 496 1168; x_wconf 78' lang='lat' dir='ltr'>est,</span> <span class='ocrx_word' id='word_1_93' title='bbox 505 1118 634 1174; x_wconf 88' lang='lat' dir='ltr'>animusque</span> <span class='ocrx_word' id='word_1_94' title='bbox 640 1119 748 1175; x_wconf 84' lang='lat' dir='ltr'>pedesque</span> 
     </span>
     <span class='ocr_line' id='line_1_15' title="bbox 107 1189 626 1245; baseline 0.006 -14"><span class='ocrx_word' id='word_1_95' title='bbox 107 1191 225 1231; x_wconf 82' lang='lat' dir='ltr'>Constent:</span> <span class='ocrx_word' id='word_1_96' title='bbox 235 1203 287 1239; x_wconf 77' lang='lat' dir='ltr'>nec,</span> <span class='ocrx_word' id='word_1_97' title='bbox 297 1202 344 1244; x_wconf 71' lang='lat' dir='ltr'>quae</span> <span class='ocrx_word' id='word_1_98' title='bbox 353 1190 396 1232; x_wconf 87' lang='lat' dir='ltr'>sint</span> <span class='ocrx_word' id='word_1_99' title='bbox 406 1190 501 1245; x_wconf 75' lang='lat' dir='ltr'>singula,</span> <span class='ocrx_word' id='word_1_100' title='bbox 512 1189 564 1234; x_wconf 89' lang='lat' dir='ltr'>bina</span> <span class='ocrx_word' id='word_1_101' title='bbox 574 1192 626 1234; x_wconf 89' lang='lat' dir='ltr'>vide.</span> 
     </span>
     <span class='ocr_line' id='line_1_16' title="bbox 80 1262 625 1322; baseline 0.006 -17"><span class='ocrx_word' id='word_1_102' title='bbox 80 1265 150 1319; x_wconf 82' lang='lat' dir='ltr'>Turpe</span> <span class='ocrx_word' id='word_1_103' title='bbox 156 1262 234 1319; x_wconf 84' lang='lat' dir='ltr'>jacens</span> <span class='ocrx_word' id='word_1_104' title='bbox 244 1262 329 1311; x_wconf 88' lang='lat' dir='ltr'>mulier,</span> <span class='ocrx_word' id='word_1_105' title='bbox 339 1264 409 1305; x_wconf 88' lang='lat' dir='ltr'>multo</span> <span class='ocrx_word' id='word_1_106' title='bbox 420 1265 541 1307; x_wconf 78' lang='lat' dir='ltr'>madefacta</span> <span class='ocrx_word' id='word_1_107' title='bbox 551 1268 625 1322; x_wconf 69' lang='lat' dir='ltr'>Lyaeo:</span> 
     </span>
     <span class='ocr_line' id='line_1_17' title="bbox 106 1336 579 1393; baseline 0.006 -15"><span class='ocrx_word' id='word_1_108' title='bbox 106 1338 175 1393; x_wconf 74' lang='lat' dir='ltr'>Digna</span> <span class='ocrx_word' id='word_1_109' title='bbox 184 1347 216 1377; x_wconf 84' lang='lat' dir='ltr'>est</span> <span class='ocrx_word' id='word_1_110' title='bbox 225 1336 355 1378; x_wconf 86' lang='lat' dir='ltr'>concubitus</span> <span class='ocrx_word' id='word_1_111' title='bbox 363 1337 472 1392; x_wconf 86' lang='lat' dir='ltr'>quoslibet</span> <span class='ocrx_word' id='word_1_112' title='bbox 480 1337 517 1379; x_wconf 95' lang='lat' dir='ltr'>illa</span> <span class='ocrx_word' id='word_1_113' title='bbox 526 1339 579 1393; x_wconf 86' lang='lat' dir='ltr'>pati.</span> 
     </span>
     <span class='ocr_line' id='line_1_18' title="bbox 81 1409 631 1464; baseline 0.004 -11"><span class='ocrx_word' id='word_1_114' title='bbox 81 1412 123 1453; x_wconf 81' lang='lat' dir='ltr'>Nec</span> <span class='ocrx_word' id='word_1_115' title='bbox 133 1410 217 1453; x_wconf 84' lang='lat' dir='ltr'>somnis</span> <span class='ocrx_word' id='word_1_116' title='bbox 227 1409 298 1464; x_wconf 85' lang='lat' dir='ltr'>posita</span> <span class='ocrx_word' id='word_1_117' title='bbox 308 1420 381 1452; x_wconf 89' lang='lat' dir='ltr'>tutum</span> <span class='ocrx_word' id='word_1_118' title='bbox 391 1412 534 1453; x_wconf 81' lang='lat' dir='ltr'>succumbere</span> <span class='ocrx_word' id='word_1_119' title='bbox 544 1426 631 1455; x_wconf 83' lang='lat' dir='ltr'>mensa:</span> 
     </span>
     <span class='ocr_line' id='line_1_19' title="bbox 106 1482 578 1539; baseline -0.002 -12"><span class='ocrx_word' id='word_1_120' title='bbox 106 1487 145 1527; x_wconf 84' lang='lat' dir='ltr'>Per</span> <span class='ocrx_word' id='word_1_121' title='bbox 154 1497 244 1525; x_wconf 81' lang='lat' dir='ltr'>somnos</span> <span class='ocrx_word' id='word_1_122' title='bbox 254 1482 301 1524; x_wconf 88' lang='lat' dir='ltr'>lieri</span> <span class='ocrx_word' id='word_1_123' title='bbox 312 1482 382 1525; x_wconf 87' lang='lat' dir='ltr'>multa</span> <span class='ocrx_word' id='word_1_124' title='bbox 391 1485 492 1539; x_wconf 87' lang='lat' dir='ltr'>pudenda</span> <span class='ocrx_word' id='word_1_125' title='bbox 502 1485 578 1527; x_wconf 87' lang='lat' dir='ltr'>solent.</span> 
     </span>
     <span class='ocr_line' id='line_1_20' title="bbox 48 1551 584 1613; baseline 0 -12"><span class='ocrx_word' id='word_1_126' title='bbox 48 1551 54 1571; x_wconf 72' lang='lat'>⁸</span> <span class='ocrx_word' id='word_1_127' title='bbox 80 1559 183 1602; x_wconf 81' lang='lat' dir='ltr'>Ulteriora</span> <span class='ocrx_word' id='word_1_128' title='bbox 192 1559 261 1613; x_wconf 90' lang='lat' dir='ltr'>pudet</span> <span class='ocrx_word' id='word_1_129' title='bbox 270 1557 381 1599; x_wconf 85' lang='lat' dir='ltr'>docuisse:</span> <span class='ocrx_word' id='word_1_130' title='bbox 391 1559 428 1599; x_wconf 89' lang='lat' dir='ltr'>sed</span> <span class='ocrx_word' id='word_1_131' title='bbox 438 1557 497 1600; x_wconf 86' lang='lat' dir='ltr'>alma</span> <span class='ocrx_word' id='word_1_132' title='bbox 507 1559 584 1611; x_wconf 86' lang='lat' dir='ltr'>Dione,</span> 
     </span>
     <span class='ocr_line' id='line_1_21' title="bbox 105 1632 697 1690; baseline 0.003 -16"><span class='ocrx_word' id='word_1_133' title='bbox 105 1632 214 1687; x_wconf 71' lang='lat' dir='ltr'>Pmipue</span> <span class='ocrx_word' id='word_1_134' title='bbox 223 1641 325 1672; x_wconf 79' lang='lat' dir='ltr'>nostrum</span> <span class='ocrx_word' id='word_1_135' title='bbox 335 1640 378 1681; x_wconf 86' lang='lat' dir='ltr'>est,</span> <span class='ocrx_word' id='word_1_136' title='bbox 387 1632 446 1686; x_wconf 92' lang='lat' dir='ltr'>quod</span> <span class='ocrx_word' id='word_1_137' title='bbox 457 1633 535 1686; x_wconf 86' lang='lat' dir='ltr'>pudet,</span> <span class='ocrx_word' id='word_1_138' title='bbox 545 1632 625 1688; x_wconf 88' lang='lat' dir='ltr'>inquit,</span> <span class='ocrx_word' id='word_1_139' title='bbox 636 1648 697 1690; x_wconf 79' lang='lat' dir='ltr'>opus.</span> 
     </span>
     <span class='ocr_line' id='line_1_22' title="bbox 79 1703 639 1760; baseline 0.004 -12"><span class='ocrx_word' id='word_1_140' title='bbox 79 1707 134 1749; x_wconf 88' lang='lat' dir='ltr'>llota</span> <span class='ocrx_word' id='word_1_141' title='bbox 143 1704 185 1747; x_wconf 88' lang='lat' dir='ltr'>sihi</span> <span class='ocrx_word' id='word_1_142' title='bbox 195 1703 239 1746; x_wconf 89' lang='lat' dir='ltr'>sint</span> <span class='ocrx_word' id='word_1_143' title='bbox 247 1716 351 1759; x_wconf 80' lang='lat' dir='ltr'>quaeque:</span> <span class='ocrx_word' id='word_1_144' title='bbox 363 1705 439 1745; x_wconf 88' lang='lat' dir='ltr'>modos</span> <span class='ocrx_word' id='word_1_145' title='bbox 449 1717 462 1745; x_wconf 85' lang='lat' dir='ltr'>a</span> <span class='ocrx_word' id='word_1_146' title='bbox 471 1717 561 1760; x_wconf 80' lang='lat' dir='ltr'>corpore</span> <span class='ocrx_word' id='word_1_147' title='bbox 570 1716 639 1750; x_wconf 85' lang='lat' dir='ltr'>certos</span> 
     </span>
     <span class='ocr_line' id='line_1_23' title="bbox 105 1777 552 1833; baseline -0.004 -11"><span class='ocrx_word' id='word_1_148' title='bbox 105 1779 201 1822; x_wconf 85' lang='lat' dir='ltr'>Sumite:</span> <span class='ocrx_word' id='word_1_149' title='bbox 212 1791 257 1818; x_wconf 87' lang='lat' dir='ltr'>non</span> <span class='ocrx_word' id='word_1_150' title='bbox 266 1790 343 1819; x_wconf 88' lang='lat' dir='ltr'>omnes</span> <span class='ocrx_word' id='word_1_151' title='bbox 353 1791 396 1819; x_wconf 87' lang='lat' dir='ltr'>una</span> <span class='ocrx_word' id='word_1_152' title='bbox 407 1777 477 1833; x_wconf 71' lang='lat' dir='ltr'>figura</span> <span class='ocrx_word' id='word_1_153' title='bbox 485 1778 552 1820; x_wconf 85' lang='lat' dir='ltr'>decet.</span> 
     </span>
     <span class='ocr_line' id='line_1_24' title="bbox 78 1849 577 1910; baseline -0.004 -16"><span class='ocrx_word' id='word_1_154' title='bbox 78 1854 128 1910; x_wconf 65' lang='lat' dir='ltr'>Quae</span> <span class='ocrx_word' id='word_1_155' title='bbox 137 1851 192 1893; x_wconf 81' lang='lat' dir='ltr'>faeie</span> <span class='ocrx_word' id='word_1_156' title='bbox 202 1850 312 1906; x_wconf 70' lang='lat' dir='ltr'>pmsignis</span> <span class='ocrx_word' id='word_1_157' title='bbox 321 1849 374 1899; x_wconf 81' lang='lat' dir='ltr'>eris,</span> <span class='ocrx_word' id='word_1_158' title='bbox 384 1851 486 1905; x_wconf 82' lang='lat' dir='ltr'>resupina</span> <span class='ocrx_word' id='word_1_159' title='bbox 492 1850 563 1907; x_wconf 84' lang='lat' dir='ltr'>jeceto</span> <span class='ocrx_word' id='word_1_160' title='bbox 572 1867 577 1892; x_wconf 87' lang='lat'><strong>:</strong></span> 
     </span>
     <span class='ocr_line' id='line_1_25' title="bbox 106 1924 590 1981; baseline 0.004 -14"><span class='ocrx_word' id='word_1_161' title='bbox 106 1928 233 1981; x_wconf 84' lang='lat' dir='ltr'>Spectentur</span> <span class='ocrx_word' id='word_1_162' title='bbox 242 1934 314 1979; x_wconf 71' lang='lat' dir='ltr'>tergo,</span> <span class='ocrx_word' id='word_1_163' title='bbox 323 1926 373 1978; x_wconf 85' lang='lat' dir='ltr'>quis</span> <span class='ocrx_word' id='word_1_164' title='bbox 382 1938 421 1965; x_wconf 86' lang='lat' dir='ltr'>sua</span> <span class='ocrx_word' id='word_1_165' title='bbox 431 1933 489 1979; x_wconf 75' lang='lat' dir='ltr'>terga</span> <span class='ocrx_word' id='word_1_166' title='bbox 499 1924 590 1980; x_wconf 74' lang='lat' dir='ltr'>placent.</span> 
     </span>
     <span class='ocr_line' id='line_1_26' title="bbox 78 1997 583 2045; baseline -0.008 -2"><span class='ocrx_word' id='word_1_167' title='bbox 78 1999 179 2043; x_wconf 74' lang='lat' dir='ltr'>Milanion</span> <span class='ocrx_word' id='word_1_168' title='bbox 188 1998 287 2041; x_wconf 84' lang='lat' dir='ltr'>humeris</span> <span class='ocrx_word' id='word_1_169' title='bbox 296 1997 405 2040; x_wconf 77' lang='lat' dir='ltr'>Atalantes</span> <span class='ocrx_word' id='word_1_170' title='bbox 414 2012 478 2045; x_wconf 80' lang='lat' dir='ltr'>cruta</span> <span class='ocrx_word' id='word_1_171' title='bbox 488 1998 583 2043; x_wconf 78' lang='lat' dir='ltr'>ferebat:</span> 
     </span>
     <span class='ocr_line' id='line_1_27' title="bbox 105 2070 592 2126; baseline 0 -12"><span class='ocrx_word' id='word_1_172' title='bbox 105 2073 126 2114; x_wconf 86' lang='lat' dir='ltr'>Si</span> <span class='ocrx_word' id='word_1_173' title='bbox 135 2074 191 2114; x_wconf 86' lang='lat' dir='ltr'>bona</span> <span class='ocrx_word' id='word_1_174' title='bbox 200 2081 264 2119; x_wconf 84' lang='lat' dir='ltr'>sunt,</span> <span class='ocrx_word' id='word_1_175' title='bbox 273 2070 315 2111; x_wconf 88' lang='lat' dir='ltr'>hoc</span> <span class='ocrx_word' id='word_1_176' title='bbox 324 2080 376 2112; x_wconf 83' lang='lat' dir='ltr'>sunt</span> <span class='ocrx_word' id='word_1_177' title='bbox 385 2070 510 2126; x_wconf 84' lang='lat' dir='ltr'>accipienda</span> <span class='ocrx_word' id='word_1_178' title='bbox 519 2073 592 2114; x_wconf 88' lang='lat' dir='ltr'>modo.</span> 
     </span>
     <span class='ocr_line' id='line_1_28' title="bbox 76 2144 713 2201; baseline -0.003 -11"><span class='ocrx_word' id='word_1_179' title='bbox 76 2149 139 2191; x_wconf 75' lang='lat' dir='ltr'>Parva</span> <span class='ocrx_word' id='word_1_180' title='bbox 147 2147 238 2189; x_wconf 78' lang='lat' dir='ltr'>vehatur</span> <span class='ocrx_word' id='word_1_181' title='bbox 247 2157 317 2199; x_wconf 87' lang='lat' dir='ltr'>equo:</span> <span class='ocrx_word' id='word_1_182' title='bbox 327 2144 387 2198; x_wconf 89' lang='lat' dir='ltr'>quod</span> <span class='ocrx_word' id='word_1_183' title='bbox 396 2153 443 2188; x_wconf 85' lang='lat' dir='ltr'>erat</span> <span class='ocrx_word' id='word_1_184' title='bbox 451 2144 587 2201; x_wconf 70' lang='lat' dir='ltr'>longissima,</span> <span class='ocrx_word' id='word_1_185' title='bbox 596 2157 713 2201; x_wconf 76' lang='lat' dir='ltr'>nunquam</span> 
     </span>
    </p>
   </div>
   <div class='ocr_carea' id='block_1_3' title="bbox 0 0 833 2584">
    <p class='ocr_par' dir='ltr' id='par_1_3' title="bbox 0 0 833 2584">
     <span class='ocr_line' id='line_1_29' title="bbox 0 0 833 2584; baseline 0 0"><span class='ocrx_word' id='word_1_186' title='bbox 0 0 833 2584; x_wconf 95' lang='lat' dir='ltr'> </span> 
     </span>
    </p>
   </div>
  </div>
 </body>
</html>
