1650 2584
51 211 70 239 v.
86 200 136 242 103.
303 198 404 240 LlllEll
421 198 453 239 ΙΙ.

51 289 139 332 Phasias
148 289 275 339 AEsoniden,
284 286 347 332 Circe
357 288 461 331 tenuisset
469 288 555 340 Ulixen,

80 363 101 405 Si
112 364 180 405 modo
189 363 271 407 servari
281 363 379 406 carmine
388 364 455 419 possit
464 377 533 405 amor.

52 438 96 479 uec
106 438 158 480 data
168 437 295 493 profuerint
303 437 405 493 pallentia
414 437 495 493 philtra
503 437 586 493 puellis.

82 510 163 554 Philtra
172 521 255 554 nocent
263 510 354 560 animis;
364 510 453 566 vimque
462 510 542 553 furoris
550 512 638 554 habeut.

55 583 85 627 Sit
93 586 169 641 procul
180 600 249 628 omne
259 583 327 627 nefas.
337 587 364 628 Ut
373 585 463 635 ameris,
473 585 572 627 amabilis
582 596 641 628 esto:

83 662 147 716 Quod
157 661 197 704 tihi
207 675 254 703 uon
264 660 341 711 facies,
349 661 421 703 solave
430 660 512 709 forma,
522 660 588 703 dabit.

55 733 85 776 Sis
94 733 144 777 licet
153 735 248 791 antiquo
257 734 336 776 Nireus
345 735 460 777 adamatus
471 736 574 785 llomero3

83 808 239 864 Naiadumque
249 817 310 851 tener
318 807 409 850 crimine
418 818 493 863 raptus
502 808 575 864 Hylam

55 881 82 923 Ut
90 882 206 925 dominam
219 892 302 932 teneas,
313 895 352 923 neo
361 890 382 924 te
392 881 470 923 mirere
480 881 590 930 relietum,

83 956 166 1012 Ingenii
177 957 239 999 dotes
249 956 346 1012 eorporis
355 956 409 998 adde
418 955 487 998 bonis.

59 1028 134 1071 Forma
143 1030 232 1072 bonum
241 1029 317 1087 fragile
325 1039 367 1080 est;
376 1039 528 1084 quantumque
535 1029 617 1072 accedit
623 1030 651 1072 ad
658 1042 727 1073 annos

83 1103 116 1146 Fit
126 1104 213 1156 minan
222 1113 244 1146 et
253 1103 324 1160 spatio
333 1104 430 1159 carpitur
440 1104 485 1159 ipsa
494 1118 541 1147 suo.

57 1175 99 1217 llee
107 1177 170 1219 violae
180 1190 273 1232 semper,
283 1190 323 1218 uec
332 1176 414 1219 hiantia
424 1176 468 1218 lilia
479 1176 566 1233 florent;

84 1251 108 1292 Et
117 1250 173 1307 riget
182 1250 263 1292 amissa
271 1250 333 1306 spina
345 1250 417 1293 relicta
427 1264 481 1293 rosa.

57 1324 80 1366 tt
88 1324 126 1367 tibi
133 1323 184 1380 jam
195 1323 244 1366 oaui
253 1324 351 1374 venient,
362 1323 467 1374 formose,
478 1324 561 1380 capilli:

83 1399 131 1440 lam
142 1397 231 1440 venient
240 1411 310 1454 rugae,
319 1412 366 1453 qua
377 1398 416 1440 tibi
425 1410 503 1454 corpus
513 1408 581 1440 arent.

58 1470 103 1512 lam
113 1469 193 1512 molire
203 1470 316 1521 animum,
326 1470 364 1526 qui
374 1471 448 1520 duret,
458 1481 480 1514 et
488 1472 575 1513 adstrue
585 1469 674 1514 formu:

85 1545 147 1587 Solus
157 1546 185 1586 ad
195 1555 303 1587 extremos
312 1556 425 1600 permanet
435 1545 470 1588 ille
480 1559 548 1602 rogos.

59 1617 99 1660 llee
108 1618 172 1667 levis,
182 1617 288 1674 ingenuas
297 1628 372 1673 peetus
381 1619 472 1661 coluisse
482 1633 520 1674 per
528 1628 595 1671 artes,

85 1694 143 1735 Cura
151 1692 191 1743 sit;
202 1702 224 1735 et
234 1692 318 1747 linguas
328 1691 439 1735 edidicisse
448 1693 508 1735 duas.

61 1766 105 1808 llou
115 1766 226 1809 formosus
236 1774 294 1815 erat,
303 1766 341 1807 sed
350 1775 396 1808 erat
406 1765 513 1808 facundus
523 1766 604 1810 Ulixes:

87 1841 111 1882 Et
120 1851 195 1882 tamen
204 1852 315 1894 equoreas
325 1839 387 1881 torsit
396 1852 471 1881 amore
481 1841 539 1881 Deas.

62 1914 166 1970 Oquoties
176 1911 240 1954 illum
250 1911 322 1954 doluit
331 1925 446 1967 properare
455 1912 557 1969 Calypso!

88 1987 226 2043 Remigioque
236 1980 298 2041 aptas
307 1999 351 2027 esse
360 1986 445 2041 negavit
454 1989 531 2042 aquas!

62 2060 105 2103 lae
113 2061 183 2117 Trojae
192 2073 256 2103 casus
266 2059 390 2115 iterumque
399 2060 523 2116 iterumque
534 2061 630 2116 rogabat.

87 2134 122 2177 llle
131 2134 210 2177 referre
219 2133 285 2176 aliter
293 2145 347 2188 sape
356 2132 439 2176 solebat
448 2134 513 2176 idern.

65 2206 127 2252 litere
135 2208 291 2253 constiterant:
302 2205 345 2250 illie
354 2220 443 2263 quoque
451 2206 543 2262 pulchra
551 2204 641 2261 Calypso
