1650 2584
117 177 160 229 254
345 170 528 231 rtsrorupr
677 185 698 214 v.
715 176 763 217 ¹26.

146 265 201 306 Vere
209 261 280 306 nitent
289 270 350 305 terre
359 277 363 303 :
375 275 424 303 vere
434 261 537 303 remissus
546 272 603 315 ager.

116 339 181 379 Nunc
191 337 263 379 herbe
273 344 337 392 rupta
348 333 425 377 tellure
433 333 550 376 cacumina
560 332 652 383 tolluut3

145 411 209 452 Nunc
219 408 304 453 tumido
314 421 411 464 gemmas
422 406 501 449 cortice
510 405 592 461 palmes
601 406 652 462 agit

115 484 142 527 Et
151 482 248 525 formosa
256 484 330 523 Venus
340 480 437 522 formoso
447 489 545 536 tempore
554 480 620 536 digna
629 489 661 522 est
670 496 675 522 :

145 558 214 612 thue
224 555 288 604 solet,
298 555 361 597 Marti
371 555 500 597 continuata
509 568 557 596 suo.

115 632 171 674 Vere
181 641 256 673 monet
265 644 340 673 curvas
350 639 449 671 materna
459 642 497 685 per
506 641 593 684 equora
602 642 690 685 puppes

144 708 188 755 lre;
196 717 236 746 nec
243 704 344 745 hibernas
350 702 399 759 jam
410 702 508 744 timuisse
519 702 596 744 minas.

115 777 161 821 Rite
170 779 247 826 Deam,
257 775 331 823 Latiae.
341 775 422 825 colitis,
431 784 554 831 matresque
563 789 691 831 nurusqueq

144 851 170 892 Et
179 863 226 897 vos,
236 850 284 904 quls
294 849 350 891 vittae
360 848 467 904 longaque
477 847 540 891 vestis
549 849 617 891 abest.

115 926 184 967 turea
196 937 318 965 marmoreo
329 922 455 965 redimicula
465 922 540 965 solvite
550 921 606 964 collo
616 939 621 964 :

144 997 228 1040 Demite
238 996 322 1043 divitias
332 1013 337 1038 :
349 1006 393 1039 tota
404 995 498 1038 lavanda
508 998 550 1037 tua
562 1006 600 1038 est.

114 1071 184 1112 Aurea
194 1069 273 1110 siccato
284 1069 411 1110 redimicula
422 1068 503 1110 reddite
511 1068 567 1110 collo
577 1084 582 1109 :

144 1144 208 1183 Nunc
218 1140 254 1182 ulii
264 1140 338 1191 flores,
349 1155 407 1183 nunc
417 1155 473 1183 nove
483 1142 554 1183 danda
565 1154 612 1183 rosa
622 1153 662 1185 est.

113 1215 158 1257 Vos
167 1229 254 1270 quoque
263 1215 304 1257 sub
314 1214 376 1256 viridi
387 1225 459 1272 myrto
466 1216 530 1270 jubet
540 1214 575 1257 illa
586 1214 651 1257 lavari
663 1234 668 1258 z

142 1291 265 1344 Causaque,
276 1301 316 1331 cur
321 1288 411 1346 jubeat,
421 1289 507 1338 discite,
518 1300 576 1332 certa
585 1290 667 1334 subest.

113 1364 184 1408 Litore
192 1365 287 1407 siccabat
296 1374 393 1407 rorantes
403 1366 463 1406 nuda
473 1365 560 1420 capillos
569 1381 574 1406 :

143 1439 251 1480 Viderunt
259 1439 340 1495 Satyri,
353 1439 416 1480 turha
426 1447 536 1493 proterva,
549 1438 622 1479 Deam.

114 1511 195 1559 Sensit,
205 1521 225 1554 et
236 1512 333 1566 adposita
343 1511 394 1554 texit
404 1525 443 1553 sua
452 1525 544 1566 corpora
555 1520 633 1568 myrto.

143 1586 198 1628 Tuta
208 1583 251 1626 fuit
260 1583 329 1635 luct03
340 1597 420 1640 vosque
430 1584 509 1626 referre
515 1583 586 1640 jubet.

113 1733 200 1773 llttcrrrr
209 1743 280 1778 nunc,
290 1740 357 1785 quare
366 1731 467 1772 rortunae
477 1738 525 1771 tura
536 1728 598 1771 Virili

141 1804 198 1845 Detis
207 1817 245 1852 eo,
254 1802 323 1845 calida
332 1803 370 1859 qui
379 1802 440 1845 locus
449 1802 527 1844 humet
536 1815 599 1858 aqua.

111 1877 193 1932 Accipit
204 1876 238 1918 ille
247 1875 307 1918 locus
319 1875 390 1931 posito
400 1875 506 1917 velamine
515 1887 616 1927 cunctas,

140 1954 165 1994 Et
175 1951 252 1993 vitium
262 1951 315 1993 nudi
325 1951 422 2006 corporis
431 1965 497 1993 omne
507 1951 570 1994 videt.

110 2027 138 2068 Ut
146 2035 203 2080 tegat
213 2025 266 2075 hoc,
276 2024 372 2080 celetque
380 2025 449 2076 viros,
459 2028 554 2068 Fortuna
563 2025 635 2068 Virilis
652 2049 657 2059 .

138 2101 235 2152 Praestat3
248 2110 269 2142 et
276 2100 317 2141 hoc
327 2114 393 2156 parvo
403 2112 452 2143 ture
462 2111 536 2157 rogata
546 2099 605 2143 fucit.
