1650 2584
94 204 133 246 ree
316 205 499 247 PASTORUM
643 209 733 252 mbae

117 294 205 336 Flamen
215 295 242 336 ad
251 294 296 336 hnc
306 296 376 351 priseo
386 310 446 337 more
455 295 518 337 Dialis
528 306 579 338 erat.

87 369 132 410 Gur
141 368 206 423 igitur
215 379 314 417 currant,
324 379 345 411 et
354 383 394 410 cur
404 369 448 423 (sic
458 383 543 411 currere
554 383 601 412 mos
610 369 654 426 est)

117 444 181 485 Nuda
192 443 262 486 ferant
271 444 338 499 posia
349 458 440 500 corpora
451 455 518 489 veste.
529 451 603 501 rogas?

86 517 133 571 Ipse
143 519 197 559 Deus
208 518 265 558 velox
276 517 394 559 discurrere
404 519 483 573 gaudet
493 518 514 559 in
525 519 573 561 altis

115 590 236 637 Montibus,
247 600 268 632 er
278 591 359 632 subitas
369 591 463 634 eoncitat
473 592 507 632 ine
517 591 579 634 feras.

85 665 132 720 Ipse
140 666 195 708 Deus
206 665 276 705 nudus
286 666 355 706 nudos
361 664 427 721 jubet
437 666 466 707 ire
477 666 596 708 ministros:

115 740 159 779 Nec
168 739 218 781 satis
226 740 252 781 ad
263 753 351 782 cursum
361 742 477 782 commoda
488 741 549 782 vestis
559 750 611 783 eret.

86 814 139 855 Ante
147 813 221 855 lavem
233 815 330 868 genitum
341 825 408 856 terras
418 814 518 857 hahuisse
528 814 628 857 feruntur

113 887 204 927 Arcades
213 902 217 925 :
227 896 249 927 et
258 888 315 927 Luna
326 901 377 942 gens
388 886 491 941 priorilla
502 886 550 929 fuit.

88 959 137 1000 Vita
148 958 197 999 fera
206 958 292 1006 similis,
302 958 374 1000 nullos
384 959 462 1014 agitatu
473 972 512 1014 per
521 973 585 1001 usus:

115 1031 170 1072 Auis
180 1030 250 1072 adhuc
260 1046 345 1086 expers,
355 1043 375 1073 er
386 1032 438 1073 rude
449 1031 525 1086 vulgus
535 1040 602 1073 erent.

87 1105 126 1144 Pro
135 1104 237 1145 domibus
247 1103 332 1145 frondes
342 1115 432 1152 norant,
442 1117 481 1159 pro
492 1104 590 1160 frugibus
599 1104 686 1146 herbas:

115 1180 194 1220 Nectar
203 1188 248 1220 erat
257 1178 334 1233 palmis
345 1181 421 1221 hausta
431 1180 517 1221 duabus
526 1194 589 1235 aqua.

86 1251 164 1293 Nullus
174 1251 288 1293 anhelabat
297 1254 338 1293 snb
348 1254 433 1294 adunco
443 1267 529 1294 vomere
539 1264 625 1296 taurus:

116 1325 179 1367 Nulla
189 1326 230 1368 sub
240 1326 330 1382 imperio
340 1337 394 1369 terrn
404 1328 493 1370 colentis
501 1339 558 1372 erat:

85 1400 163 1443 Nullus
172 1401 244 1442 adbuc
254 1410 300 1443 erat
310 1415 361 1443 usus
370 1403 433 1456 equi:
446 1416 468 1443 se
477 1402 568 1457 quisque
578 1401 666 1447 ferebat.

112 1474 160 1514 Ibat
169 1473 213 1514 ovis
224 1472 273 1514 lana
283 1487 360 1529 corpus
371 1474 449 1516 amicta
460 1488 506 1516 sua.

83 1545 127 1587 Sub
137 1547 187 1587 Jove
197 1545 317 1593 durabant,
327 1556 347 1587 er
357 1561 446 1601 corpora
457 1548 515 1588 nuda
526 1548 637 1602 gerebant,

112 1622 178 1663 Docta
188 1635 261 1676 graves
272 1620 352 1662 imbres
360 1632 381 1663 et
391 1622 481 1664 tolerare
490 1623 564 1664 Notos.

83 1698 147 1738 Nunc
156 1711 243 1751 quoque
253 1697 330 1739 detecti
340 1696 436 1738 referunt
446 1707 589 1740 monumenta
598 1698 675 1740 vetusti

112 1769 187 1819 Moris,
197 1779 218 1811 et
228 1769 328 1824 antiquas
338 1769 479 1812 testificantur
488 1784 546 1826 opes.

83 1919 135 1965 San,
146 1930 185 1958 cur
194 1916 301 1972 praecipue
311 1917 379 1971 fugiat
389 1917 495 1958 velamina
505 1918 603 1968 Faunus,

112 1989 213 2030 Raditur
221 1989 304 2043 antiqui
316 1988 387 2030 fabula
398 1988 460 2044 plena
466 1989 517 2044 joci.

83 2061 145 2102 Forte
155 2074 227 2101 comes
236 2060 329 2102 domine
335 2060 422 2116 juvenis
431 2061 555 2118 Tirynthius
564 2061 622 2104 ibat:

113 2132 171 2174 Vidit
180 2134 207 2174 ab
217 2132 299 2174 excelso
309 2136 394 2175 Faunus
405 2143 522 2191 utrumque
529 2134 590 2191 jugo.

81 2205 151 2256 Vidit,
161 2215 182 2247 et
192 2205 291 2250 incaluit:
303 2206 450 2260 Montanaqne
460 2208 563 2261 numina,
573 2207 638 2260 dixit,
