1650 2584
65 207 84 234 v.
98 195 147 246 3⁰7·
321 197 422 237 LIBER
439 197 455 237 1.
668 196 706 234 155

65 283 99 324 Sic
108 282 192 338 petitur
200 282 280 325 coelum
290 298 295 323 :
305 298 350 325 uon
361 294 385 326 ut
395 283 451 326 ierat
460 285 527 326 Ossan
536 283 652 341 Olympus,

93 357 230 411 Summaque
239 355 333 399 Peliacus
342 357 411 399 sidera
423 367 495 412 tangat
504 370 564 413 apex.

63 430 109 470 Nos
118 443 207 484 quoque
216 430 258 471 sub
267 430 359 472 ducibus
369 430 449 472 coelum
458 430 593 472 metabimur
601 427 654 477 illis,

92 504 245 558 Ponemusque
254 517 304 546 suos
315 504 341 545 ad
351 513 408 546 stata
416 503 477 560 signa
486 504 537 545 dies.

63 652 123 693 Euoo
133 651 173 692 ubi
183 664 226 692 nox
235 650 304 694 aderit
312 653 408 695 venturis
419 653 480 694 tertia
491 652 571 701 Nouis,

92 726 214 780 Sparsaque
224 724 301 768 coeiesti
313 739 360 768 rore
370 727 467 768 madebit
476 726 569 777 humus;

63 797 172 852 Oetipedis
182 796 263 840 frustra
272 810 400 854 quaeruntur
409 799 498 841 brachia
506 799 582 842 Cancri
591 813 596 838 ε

93 872 189 926 Praeceps
199 871 298 914 occiduas
308 871 343 913 iiie
352 872 433 915 subivit
442 886 516 927 aquas.

63 945 186 988 Institerint
194 946 274 987 Nonae:
284 946 343 988 missi
353 947 392 988 tibi
402 946 499 988 nubibus
508 946 559 989 atris

94 1018 159 1072 Signa
169 1017 255 1060 dabunt
263 1017 355 1068 imbres,
365 1019 475 1061 exoriente
484 1020 544 1075 Lyra.

63 1165 173 1222 Quiruon
183 1164 238 1207 adde
247 1165 291 1208 dies
301 1166 371 1209 ductis
380 1180 406 1209 ex
416 1165 491 1209 ordine
501 1164 580 1217 Nonis;

93 1241 163 1280 lanus
173 1239 260 1294 Agonali
270 1239 318 1282 luce
328 1240 421 1297 piandus
431 1241 478 1283 erit.

63 1311 167 1355 Nominis
176 1325 220 1355 esse
229 1323 290 1368 potes
299 1315 422 1357 succinctus
431 1328 496 1356 causa
506 1313 610 1362 minister,

93 1388 168 1430 Nostia
178 1387 283 1431 coelitibus
293 1401 337 1444 quo
347 1389 436 1431 feriente
446 1387 509 1431 cadit⁴

62 1463 104 1522 Qui
114 1461 185 1505 calido
195 1462 279 1505 strictos
290 1463 397 1505 tincturus
406 1463 511 1517 sanguine
520 1461 613 1510 cultros,

92 1540 188 1593 Semper,
199 1539 282 1593 Agone?
292 1550 364 1592 rogas;
375 1550 414 1578 nec
425 1535 466 1577 nisi
472 1535 547 1591 jussus
556 1535 607 1590 agis.

63 1613 125 1662 Pars,
134 1611 188 1667 quia
197 1622 241 1653 non
252 1611 339 1653 veniant
348 1611 452 1666 pecudes,
462 1610 498 1651 sed
508 1618 607 1665 agentur,
617 1608 645 1650 ab
655 1617 706 1650 actu

91 1688 179 1728 Nomen
188 1686 306 1741 Agonalem
316 1686 384 1728 credit
393 1685 472 1727 habere
482 1685 546 1727 diem.

61 1763 111 1804 Pars
120 1769 185 1816 putat
194 1759 236 1801 hoc
246 1759 326 1802 festum
337 1759 411 1815 priscis
420 1758 507 1814 Agnalia
517 1758 613 1806 dictum,

91 1838 138 1877 Una
147 1834 175 1876 sit
185 1844 210 1876 ut
219 1834 306 1890 proprio
316 1833 377 1876 litera
386 1834 460 1876 demta
469 1833 523 1875 ioco.

61 1912 105 1960 An,
114 1909 168 1965 quia
177 1908 277 1964 praevisos
287 1907 308 1949 iu
319 1921 376 1962 aqua
387 1908 449 1949 timet
459 1905 629 1957 homimines,

90 1987 106 2026 Δ
116 1981 200 2038 pecoris
210 1980 246 2024 lux
256 1991 288 2024 est
297 1981 338 2024 ista
346 1989 422 2024 notata
432 1986 504 2023 metu?

62 2060 113 2100 Pars
122 2056 202 2104 etiam,
213 2055 259 2097 fieri
269 2054 337 2098 solitis
346 2065 408 2098 etate
418 2054 517 2110 priorum

89 2130 187 2174 Nomina
196 2129 222 2171 de
232 2128 288 2171 ludis
298 2128 359 2171 Graia
371 2127 444 2171 tulisse
453 2127 520 2169 diem.

60 2208 84 2249 Bt
94 2220 160 2263 pecus
170 2203 274 2259 antiquus
284 2203 369 2246 dicebat
377 2201 460 2259 Agonia
469 2214 555 2245 sermo:
