1650 2584
61 148 129 204 v.49.
325 146 447 191 eiciet.
663 152 704 208 ‚³9

60 236 158 288 Sufficit,
168 247 190 279 et
198 236 291 293 longum
301 237 398 293 probitas
407 239 511 293 perdurat
519 238 542 282 in
551 253 633 294 arum

86 313 180 367 Fertque
189 325 241 354 suos
250 324 334 354 annos:
343 311 396 355 hinc
405 313 460 355 bene
469 315 549 368 pendet
558 323 629 357 amor.

57 383 127 432 ffisce,
137 397 189 439 nge,
198 397 270 439 quum
281 394 365 426 teneros
374 398 466 427 somnus
475 385 581 429 dimiserit
590 395 664 440 artua,

86 456 184 498 Candida
193 469 239 512 qno
248 456 333 512 possint
341 470 379 497 ora
387 456 457 499 nitere
467 458 540 500 modo.

57 529 153 577 Hordea,
163 542 212 584 qua
221 528 295 584 Libyci
306 528 387 570 ratibus
396 529 474 571 misere
483 530 566 583 coloni,

85 603 145 644 Exue
153 601 181 642 de
191 601 254 657 pniea
264 600 439 657 tegminibusque
448 603 500 645 suis.

56 678 96 718 Par
105 675 150 718 ervi
161 689 266 718 mensura
274 676 349 718 decem
359 677 463 720 madefiat
472 679 500 720 ab
509 678 565 721 ovis:

84 752 126 793 Sed
135 750 253 795 cumulent
262 750 327 793 libras
336 751 417 794 hordea
426 752 486 795 nuda
495 754 556 796 duas.

54 826 103 868 nec
112 826 152 868 ubi
162 836 262 868 ventosas
271 824 354 868 fuerint
362 826 442 869 siccata
452 841 576 882 perduras,

84 902 152 942 [enta
157 899 214 954 jube
223 899 301 942 scabra
310 898 397 953 frangat
406 898 472 943 asello
482 900 547 944 moia

53 975 90 1025 Et,
99 988 149 1030 quae
157 974 230 1030 prima
240 974 322 1016 cadunt
332 974 399 1016 vivaci
409 988 493 1017 cornua
502 988 577 1028 certo,

81 1050 187 1092 Contere:
197 1048 220 1090 in
230 1047 275 1090 baec
284 1047 347 1090 solidi
356 1058 416 1091 sexta
426 1048 473 1092 fece
483 1051 535 1093 assis
545 1060 586 1094 eat.

54 1125 149 1179 Jamque
158 1123 197 1165 ubi
207 1122 314 1178 pulvereae
323 1122 405 1166 fuerint
414 1124 506 1168 confuse
516 1124 602 1178 farine,

82 1197 182 1240 Protinus
192 1196 215 1239 in
225 1196 301 1239 cribris
311 1198 385 1240 omnia
395 1212 459 1240 cerne
468 1198 531 1241 cavis.

52 1269 125 1326 Adjice
136 1269 229 1312 Narcissi
239 1270 272 1313 bis
281 1284 317 1313 sex
325 1271 371 1313 sine
380 1271 460 1315 cortice
469 1272 559 1324 bulbos,

81 1344 174 1385 Strenua
183 1356 239 1398 quos
248 1356 304 1398 puro
314 1357 423 1387 marmore
432 1346 507 1388 dextra
517 1355 581 1390 terat:

51 1417 218 1471 Sextantemque
228 1416 299 1460 trabat
308 1418 393 1473 gummi
402 1433 454 1461 cum
463 1419 546 1462 semine
554 1420 646 1463 Tbusco.

81 1492 127 1532 fluo
135 1489 211 1532 novies
221 1498 281 1533 tanto
290 1490 339 1545 plus
349 1491 387 1533 tibi
397 1491 467 1534 meliis
476 1501 516 1535 eut

52 1563 192 1620 Quaecunque
202 1562 289 1606 adficiet
299 1563 336 1605 tali
347 1565 490 1607 medicamine
499 1565 598 1618 vultum,

80 1636 180 1691 Fulgebit
188 1636 278 1692 speculo
288 1635 361 1679 iaevior
369 1638 416 1693 ipsa
425 1653 472 1681 suo.

52 1710 95 1752 Nee
104 1719 129 1752 tu
139 1709 245 1766 pallentes
254 1710 330 1753 dubita
340 1719 421 1756 torrere
430 1711 530 1767 lupinos,

78 1786 103 1827 Et
112 1784 179 1827 simm
190 1784 291 1828 intlantes
300 1799 391 1842 corpora
400 1786 455 1843 frige
465 1786 534 1830 fabas.

48 1860 143 1915 Utraque
152 1873 189 1902 sex
199 1859 306 1910 habeant,
314 1874 377 1916 aequo
387 1861 524 1913 discrimino,
533 1863 610 1906 libras:

78 1935 174 1989 Utraque
182 1934 211 1975 da
221 1933 288 1989 nigris
297 1934 467 1977 comminuenda
477 1932 547 1979 molis.

48 2008 92 2050 Nec
101 2022 189 2050 cerussa
200 2007 251 2056 tibi,
262 2021 301 2051 nec
310 2008 362 2051 nitri
371 2023 450 2065 spuma
460 2010 557 2053 rubentis

75 2084 144 2134 Desit,
154 2092 176 2125 et
185 2081 269 2140 illyrica
279 2097 327 2139 quae
336 2084 395 2127 venit
403 2085 441 2127 iris
450 2085 527 2128 humo.

46 2158 75 2201 Da
84 2156 160 2200 validis
166 2156 278 2212 juvenum
288 2156 368 2213 pariter
378 2157 498 2213 subigenda
507 2158 604 2202 lacertis:
