1650 2584
49 176 132 231 v.s94.
301 177 404 219 irari
421 178 438 219 r.
671 181 699 223 ss

76 266 148 308 Pensa
158 265 212 322 quid
221 265 244 307 in
255 265 343 316 dextra,
353 279 397 321 qua
406 266 468 309 cadet
476 268 564 320 Hector,
573 267 652 313 habest

51 337 121 394 dejice
131 339 259 382 succinctos
269 352 362 394 operoso
371 339 465 382 stamine
474 339 541 383 fusos.

75 411 208 468 Quassanda
217 421 250 454 est
258 410 301 453 ista
311 410 376 453 Pelias
385 411 449 454 hasta
458 426 533 456 manu

50 483 112 526 Porte
121 484 203 528 eratin
214 483 314 527 thalamo
324 484 385 541 virgo
395 486 471 542 regalis
480 488 571 530 eodem:

76 558 126 600 nee
137 558 203 600 iilum
212 568 290 614 stupro
300 558 408 614 comperit
417 573 462 602 esse
472 560 549 603 virum.
640 551 645 561 ’

49 629 138 674 Viribus
148 631 185 673 illa
194 631 286 687 quidem
295 631 351 674 victa
360 640 402 682 κῃ
412 632 442 674 ita
451 633 537 676 credere
545 644 642 690 oportet:

76 705 119 747 Sed
128 705 200 748 voluit
210 704 267 747 vinci
277 703 361 746 viribus
371 703 407 746 illa
417 715 496 747 tamen.

48 778 117 834 Sapo,
127 781 205 829 Mane,
214 779 279 829 dixit,
289 792 359 834 quum
366 778 415 835 jam
425 790 549 836 properaret
556 780 659 825 Achilles:

76 852 150 897 Fortia
159 867 214 895 nam
224 853 295 909 posita
303 863 411 896 sumserat
420 867 481 896 arma
491 854 545 897 colo.

49 927 85 970 Vis
94 929 134 971 nbi
144 941 205 970 nunc
214 927 251 970 iila
260 933 304 971 estt
313 928 367 984 quid
376 927 457 970 blanda
466 942 517 972 roce
526 930 618 973 moraris

77 1002 196 1043 Auctorem
205 1000 287 1056 stupri,
297 999 420 1052 Deidamia,
431 1001 475 1044 tuit

51 1072 143 1124 Scilicet,
153 1082 180 1116 ut
189 1072 261 1128 pudor
270 1082 302 1115 est
312 1073 424 1127 quondam
435 1073 522 1130 coepisse
531 1074 639 1131 priorem3

77 1149 110 1191 Sic
118 1147 162 1191 alio
172 1157 260 1204 gratum
271 1157 303 1190 est
312 1148 430 1204 incipiente
439 1149 491 1204 pati.

51 1220 90 1264 th!
100 1221 170 1264 nimia
179 1231 211 1264 est
217 1220 294 1277 juveni
304 1221 396 1277 propria
405 1223 486 1266 fiducia
494 1223 583 1277 formae,

76 1296 188 1352 Exspectat
196 1293 214 1336 si
224 1294 283 1349 quis,
293 1295 346 1336 dum
357 1294 417 1350 prior
426 1295 463 1337 illa
472 1298 545 1352 roget!

52 1369 86 1411 Vir
93 1370 154 1427 prior
162 1352 264 1412 accedat:
275 1368 307 1411 vir
316 1369 380 1412 rerba
389 1371 500 1425 precantia
508 1371 572 1414 dicat.

75 1445 168 1501 Excipiet
177 1442 269 1486 blandas
277 1443 370 1486 comiter
378 1443 415 1486 iiia
424 1459 503 1500 preces.

51 1516 75 1560 Ut
82 1517 175 1574 potiare,
185 1529 250 1572 roga:
262 1525 348 1558 tantum
358 1516 419 1572 cupit
428 1517 465 1559 illa
475 1518 553 1574 rogari.

75 1592 103 1633 Ba
111 1603 202 1633 causam
212 1588 256 1631 voti
265 1587 442 1646 principiumque
452 1590 491 1633 tui.

50 1664 124 1721 Iupiter
132 1664 160 1707 ad
169 1674 251 1706 veteres
260 1662 350 1718 supplex
360 1664 460 1706 Heroides
467 1663 524 1707 ibat:

75 1737 181 1793 Corripuit
190 1749 296 1792 maguum
307 1734 367 1777 nulla
375 1735 448 1792 puella
456 1738 538 1779 Jorem.

51 1812 146 1856 Siumen
155 1826 168 1854 a
177 1810 280 1867 precibus
289 1810 385 1852 tumidos
393 1811 494 1853 accedere
503 1809 569 1853 tlauxs

75 1886 174 1937 demerim
184 1886 271 1940 incepto
281 1897 357 1940 parce,
366 1883 465 1939 referque
474 1885 558 1940 pedem.

52 1962 106 2019 Quod
115 1960 204 2017 refugit,
215 1959 291 2004 muita·
298 1959 403 2014 cupiunt:
414 1959 489 2011 odere,
498 1960 557 2014 quod
566 1959 638 2003 instat.

75 2037 146 2079 lenius
155 2035 257 2078 instando
266 2033 328 2076 taedia
338 2032 388 2076 tolle
398 2033 438 2076 tui.

51 2109 88 2153 lies
96 2123 177 2167 semper
186 2107 276 2151 Veneris
285 2120 333 2162 spes
341 2116 373 2149 est
381 2106 504 2162 profitenda
513 2106 609 2164 roganti:

75 2186 135 2229 latret
142 2182 242 2227 amicitia
251 2180 342 2225 nomine
351 2189 421 2224 tectus
430 2193 499 2222 amor.
