1650 2584
118 162 160 203 206
341 136 524 202 'rtsroamt
672 161 760 202 asoa.

116 249 224 305 Effugiatt
231 249 305 305 positis
314 259 403 306 urgetur
412 260 498 305 pectora
507 248 597 304 palmia

145 326 209 365 Nune
218 324 315 378 primum
324 334 410 365 externa
420 333 508 378 pectora
518 330 573 364 tacta
583 335 659 364 manu.

115 397 182 438 lustat
191 410 267 437 amaus
277 396 343 438 hostis
352 395 463 451 precibus,
473 395 596 452 pretioque,
606 394 729 451 minisquef

144 471 188 510 Nee
198 482 271 524 prece,
281 482 319 511 uec
328 468 408 523 pretio,
420 482 458 509 uec
468 477 539 510 movet
549 467 583 509 ille
594 468 665 510 minis.

115 542 151 584 Nil
161 542 215 597 agis;
226 542 327 597 eripiam,
337 541 400 591 dlxlt,
411 555 451 597 pro
460 542 551 584 crimine
560 541 637 584 vitam:

144 615 217 657 Falsus
226 615 324 657 adulterii
335 615 393 657 testis
402 615 487 657 adulter
496 615 543 657 erit.

113 688 238 731 Interimam
251 687 369 731 famulum.
381 702 431 729 cum
442 703 486 744 quo
495 689 599 744 deprensa
609 687 689 730 fereris.

143 762 260 804 Succubuit
273 760 335 803 famae
345 761 399 803 victa
409 760 480 817 puella
490 772 557 803 metu.

113 835 181 891 Quid,
191 835 267 883 victor„
279 835 369 889 gaudes?
379 835 424 877 haec
435 846 454 877 te
465 835 553 878 victoria
563 836 644 890 perdet,

143 910 199 951 Heu!
209 919 291 962 quanto
302 908 371 964 regnis
381 922 424 951 nox
433 909 492 950 stetit
502 922 545 951 uua
556 909 609 951 tuis!

111 984 202 1037 Jamque
212 991 257 1024 erat
266 990 312 1023 orta
322 982 379 1023 dics:
389 982 456 1038 passis
465 983 524 1024 sedet
533 982 569 1024 illa
578 982 671 1038 capillis,

140 1059 167 1099 llt
176 1056 229 1098 solet
238 1057 264 1098 ad
276 1056 319 1098 nati
330 1068 398 1099 mater
407 1057 463 1099 itura
475 1070 558 1112 rogum.

111 1130 295 1184 Graudaevumque
304 1139 387 1186 patrem
399 1130 442 1172 fido
453 1145 503 1173 cum
513 1130 605 1187 conjuge
614 1131 689 1173 castris

139 1205 216 1244 Evocat
226 1219 230 1242 :
241 1212 260 1243 ct
271 1203 340 1256 posita
348 1203 406 1245 venit
415 1214 506 1259 uterque
515 1218 583 1246 mora.

110 1278 179 1330 thue
189 1275 260 1317 vident
269 1274 380 1327 habitum3
390 1291 438 1332 quae
448 1277 519 1320 luctus
529 1291 604 1326 causa,
613 1276 743 1334 requirunt,

137 1350 176 1392 Cul
186 1359 246 1404 paret
256 1349 376 1404 exsequias,
386 1364 456 1404 quote
466 1352 493 1393 sit
502 1351 544 1394 icta
553 1351 618 1393 malo.

108 1423 147 1466 llla
156 1423 194 1465 diu
204 1422 288 1471 reticet,
298 1423 469 1478 pudibundaque
479 1423 532 1465 cclat
542 1424 624 1466 amictu

136 1499 191 1540 Ora:
202 1496 274 1538 fluunt
284 1495 383 1553 lacrymte
394 1510 454 1538 more
464 1497 562 1552 perennis
572 1510 640 1552 aquae.

107 1570 160 1614 lliuc
170 1580 240 1625 pater,
250 1569 301 1611 hinc
311 1570 390 1625 conjux
400 1569 504 1626 lacrymas
514 1569 622 1619 solantur,
632 1579 654 1613 et
663 1583 728 1614 oram

135 1643 230 1685 ludiret:
240 1652 261 1685 et
270 1655 325 1684 caeco
336 1642 431 1697 flentque
440 1652 561 1697 paventque
571 1653 639 1684 metu.

106 1718 147 1759 Ter
156 1725 233 1758 conata
243 1714 313 1769 loqui,
324 1724 356 1757 ter
365 1714 455 1760 destitit:
467 1728 561 1769 ausaque
570 1725 659 1770 quarto.

133 1792 183 1832 Non
193 1787 267 1830 oculos
276 1788 330 1830 adeo
340 1787 427 1829 sustulit
437 1787 471 1828 illa
482 1801 539 1830 suot.

106 1865 149 1905 lloc
157 1875 244 1917 quoque
253 1860 370 1916 Tarquinio
379 1861 520 1903 debebimus?
529 1860 629 1916 eloquar,
638 1861 722 1917 lnquit,

132 1935 225 1989 Eloquar
234 1934 307 1976 infelix
317 1935 409 1976 dedecus
418 1934 464 1990 ipsa
474 1948 556 1977 meum⁴

104 2012 199 2067 Quaeque
208 2018 277 2064 potest
287 2020 367 2052 narrat.
376 2009 493 2053 Restabant
502 2009 593 2054 ultima:
603 2008 673 2061 flevit,

131 2086 157 2127 Et
168 2082 296 2125 matronales
306 2084 412 2127 erubuere
422 2095 487 2139 gene.
