1650 2584
82 217 103 245 v.
116 218 151 257 99.
329 202 429 241 tinea
447 202 472 240 v.
679 200 720 253 293

85 293 194 346 Sacraque
203 289 273 331 multa
282 288 382 344 quidem,
391 289 428 330 sed
437 287 505 329 Fauni
514 287 585 342 prima
593 287 688 329 bicornis

113 367 154 406 llas
164 364 239 406 docuit
247 373 330 418 gentes,
340 362 471 418 alipedisque
480 361 521 403 dei.

84 438 214 493 semicaper.
224 436 300 479 coleris
309 435 421 484 cinctutis,
431 437 514 483 Fauno,
524 434 635 490 Lupercis;

114 515 188 570 Quum
198 512 292 554 lustrant
300 510 394 552 celebres
403 510 480 552 vedere
490 518 547 551 secta
557 509 608 551 vias.

83 590 112 630 At
122 597 147 628 tu
156 595 255 628 materno
264 584 349 627 douaui
359 583 448 625 nomine
458 597 566 633 mensem,

114 661 215 701 Inventor
224 671 305 705 curva.
316 657 401 700 furibus
410 667 472 712 apte,
482 656 537 698 fidis.

83 737 130 778 Nec
140 735 208 790 pietas
216 734 262 776 hac
271 733 342 789 prima
352 742 390 775 tua
399 741 432 774 est
441 747 445 771 :
455 742 542 787 septena
551 732 644 787 putaris,

114 807 224 850 Pleiadum
235 820 365 855 numerum,
375 806 413 847 fila
422 806 503 847 dedisse
513 805 570 861 lyra.

85 884 134 924 flaec
143 894 230 936 quoque
239 880 341 929 desierat;
350 879 482 933 laudataque
490 892 542 920 vocc
551 891 651 920 sororum
662 887 701 933 est.

114 954 171 1013 Quid
182 954 274 996 faciam?
284 954 352 996 turba
361 967 410 1008 pars
420 953 484 994 hahet
495 951 566 994 omnis
575 952 640 993 idem.

85 1028 158 1070 Gratia
169 1026 275 1068 Pieridum
286 1026 348 1067 uobis
356 1024 467 1080 aequaliter
476 1025 542 1073 adsit;

115 1099 224 1155 Nullaque
232 1099 333 1142 laudetur
341 1098 416 1155 plusve
426 1099 524 1141 minusve
534 1098 594 1146 milti.

86 1250 116 1291 Aa
125 1249 177 1289 love
186 1258 260 1303 surgat
269 1262 330 1303 opus.
340 1248 412 1290 Prima
422 1247 475 1290 mihi
485 1258 549 1291 nocte
559 1247 650 1289 videnda

116 1320 180 1364 Stella
190 1332 222 1364 est
231 1322 254 1363 in
263 1336 330 1364 cunas
340 1322 438 1364 officiosa
445 1322 510 1364 lovis.

86 1397 189 1441 Nascitur
197 1396 276 1437 Oleniae
285 1397 371 1450 signum
381 1396 474 1452 pluviale
483 1395 572 1452 Capellae
580 1411 585 1434 ι
599 1379 602 1389 ¹

116 1472 155 1514 llla
164 1470 209 1513 dati
218 1470 296 1512 coelum
307 1471 395 1526 premia
404 1470 465 1512 lactis
474 1471 545 1512 habet.

86 1546 140 1589 Nais
150 1544 271 1592 Amalthea,
281 1546 360 1586 Creten
370 1542 449 1585 nubilis
457 1544 506 1592 Ida.

117 1618 200 1660 Dicitur
208 1617 231 1658 iu
241 1615 298 1658 silvis
308 1615 427 1658 occuluisse
435 1616 517 1657 lovem.

88 1690 143 1733 lluic
153 1688 196 1731 fuit
205 1689 316 1729 haedorum
328 1698 398 1728 mater
407 1685 503 1728 formosa
513 1687 620 1737 duorum,

118 1766 176 1805 luter
186 1762 273 1804 uiccaeos
282 1760 434 1816 conspicienda
442 1773 525 1815 greges3

87 1835 196 1880 Cornibus
205 1834 278 1883 aeriis..
288 1844 353 1889 atque
363 1833 386 1874 in
395 1846 435 1874 sua
445 1842 503 1888 terga
513 1831 618 1874 recurvis:

118 1910 197 1957 Ubere,
207 1909 266 1963 quod
276 1908 349 1950 nutrix
358 1916 429 1962 posset
438 1906 517 1948 habere
526 1905 590 1948 lovis.

87 1988 129 2028 Lac
139 1984 205 2025 dabat
214 1982 250 2024 illa
260 1985 301 2024 uec
310 1998 315 2022 :
324 1982 362 2024 sed
371 1981 435 2036 tregit
443 1980 467 2022 iu
475 1982 552 2022 arbore
561 1993 640 2031 cornu;

119 2059 248 2111 Truncaque
256 2055 347 2098 dimidia
357 2064 417 2110 parte
426 2053 509 2096 decoris
517 2063 569 2096 erat.

89 2130 181 2175 Sustulit
189 2130 231 2173 hoc
240 2130 352 2188 Nymphe3
362 2129 503 2185 cinctumque
513 2128 634 2171 recentibus
643 2127 727 2179 herbis,
