1650 2584
46 214 119 245 nuti.
286 203 388 244 LIBER
406 202 438 243 tt.
652 204 680 254 47

47 291 85 334 Nec
93 292 168 335 dubita
178 290 244 334 tereti
254 304 373 333 scamnum
383 292 501 347 producere
511 290 577 334 lecto:

69 368 93 409 Et
101 378 174 410 tenero
183 367 270 409 soleam
280 368 356 417 deme,
367 366 398 408 vel
407 368 472 417 adde,
483 367 537 422 pedi.

44 437 94 494 Seps
103 440 168 482 etiam
178 440 287 490 domine,
298 439 397 494 quamvis
406 439 504 481 horrebis
514 449 535 481 et
543 439 598 495 ipse,

66 512 155 568 Algentis
165 527 248 555 manus
257 523 291 555 est
300 511 432 555 calfacienda
441 513 497 555 sinn.

44 585 83 627 Nee
91 586 129 628 tibi
139 598 203 643 turpe
213 595 268 642 puta
279 586 391 642 (quumvis
400 586 440 628 tibi
451 596 524 643 turpe,
533 585 650 643 placebit),

68 661 160 715 Ingenua
169 659 287 716 specuium
296 659 423 702 sustinuisse
432 674 507 703 manu.

43 730 85 784 tlte,
94 733 188 790 fatigate
197 733 327 789 perimendo
336 744 434 776 monstra
444 748 538 777 novercce

67 808 106 864 Qui
115 807 198 850 meruit
207 807 299 858 coelum,
310 808 369 862 quod
378 809 438 864 prior
447 809 490 865 ipse
500 807 559 861 tulit,

42 881 94 923 luter
101 883 199 925 Ioniacas
209 881 321 925 calathum
333 882 425 925 tenuisse
435 883 517 939 puellas

65 954 169 1005 Creditur,
180 963 201 998 et
209 955 271 996 lanas
280 954 397 996 excoluisse
407 956 477 997 rudes.

39 1028 105 1070 Paruit
113 1029 207 1084 imperio
216 1029 310 1071 domine
319 1028 444 1086 Tirynthius
453 1030 522 1072 heros.

64 1105 149 1155 inuno,
159 1115 182 1147 et
190 1105 268 1147 dubito
278 1103 345 1156 ferre,
355 1106 415 1160 quod
424 1105 459 1147 iile
469 1105 526 1149 tulit.

40 1175 107 1218 iussus
116 1178 190 1219 adesse
200 1176 260 1228 foro,
267 1176 329 1232 jussa
339 1177 447 1220 maturius
456 1178 510 1220 hora

65 1250 101 1292 Fac
110 1264 197 1306 semper
206 1251 290 1302 venias余
300 1265 339 1293 nec
349 1252 390 1293 nisi
400 1266 460 1294 serus
469 1252 512 1294 abi.

41 1323 136 1368 &curras
145 1325 220 1382 aliquo
231 1325 270 1368 tihi
279 1325 366 1377 dixerit余
377 1327 452 1369 omnia
460 1326 538 1369 differ:

62 1400 137 1449 Gurre余
147 1413 188 1441 nec
198 1399 311 1455 inceptum
320 1401 385 1442 turba
394 1410 492 1442 moretur
500 1400 546 1443 iter.

39 1471 99 1516 Nocte
107 1475 202 1516 domum
213 1483 309 1529 repetens
319 1473 387 1529 epulis
396 1474 510 1529 perfuncta
519 1475 609 1517 redibit:

61 1548 120 1589 Tunc
129 1560 219 1603 quoque
228 1560 268 1602 pro
277 1558 348 1597 servo,
358 1547 375 1589 si
386 1557 448 1590 vocat
457 1547 504 1597 illa,
513 1548 568 1590 veni.

37 1619 86 1662 Rure
95 1620 148 1671 eris,
159 1629 180 1663 et
188 1620 256 1672 dicet,
265 1621 345 1663 Venias
355 1620 435 1677 (Amor
444 1621 490 1664 odit
499 1621 601 1677 inertes)余

60 1694 80 1736 si
89 1705 136 1737 rota
146 1693 251 1745 defuerit,
262 1704 286 1736 tu
296 1695 349 1750 pede
358 1708 422 1750 carpe
432 1694 496 1737 vium.

34 1766 73 1809 Nee
81 1781 144 1823 grave
154 1777 174 1810 te
185 1778 271 1823 tempus
280 1767 379 1809 sitiensve
387 1767 490 1811 Canicula
499 1769 579 1819 tardet,

58 1843 100 1884 Nec
109 1843 144 1884 via
153 1855 192 1898 per
197 1841 268 1898 jactas
277 1841 369 1884 candida
378 1841 436 1884 iacta
444 1841 510 1884 nives.

34 1913 105 1959 intua
114 1915 197 1972 species
205 1928 268 1956 amor
277 1924 321 1957 est:
330 1914 432 1957 discedite
441 1929 522 1972 segnes.

53 1989 101 2030 Non
109 1999 163 2031 sunt
171 1988 217 2030 hac
228 1987 309 2030 timidis
318 1988 379 2044 signa
389 1990 469 2031 tuenda
479 1989 535 2032 viris.

29 2060 81 2113 Nox,
90 2074 111 2105 et
120 2062 202 2113 hiems,
212 2062 325 2118 longeque
333 2061 383 2114 vice,
393 2063 485 2118 saevique
495 2063 580 2106 dolores

56 2136 156 2178 notibus
165 2135 198 2178 his
207 2135 294 2187 castris,
303 2145 325 2178 et
333 2134 395 2177 labor
404 2136 476 2178 omnis
485 2136 546 2179 inest.

30 2207 85 2264 Sapo
93 2208 148 2251 foros
158 2208 252 2251 imbrem
263 2206 342 2251 colenti
351 2208 410 2250 nube
420 2208 528 2259 solutum3

575 2282 596 2329 4.
