1650 2584
42 220 63 249 v.
78 220 127 250 roo.
215 206 371 249 rembolt
388 206 524 251 AMORIS.
650 222 689 265 ¹07

72 300 125 340 Non
136 307 219 354 tegeres
229 296 303 339 vuitus
313 296 403 346 cortice,
414 297 512 354 Myrrha,
523 308 578 342 tuos.

43 371 93 413 Vidi
103 385 156 428 ego,
166 372 227 426 quod
237 371 311 426 primo
320 368 392 412 ruerat
401 371 510 423 sanabile,
518 371 598 415 vitinus

71 445 171 488 Dilatum
181 445 253 501 longae
261 445 343 486 damna
354 444 428 487 tulisse
437 459 510 488 more.

42 519 94 568 Sed,
103 519 158 574 quia
167 518 261 562 delectat
270 518 360 560 Veneris
369 520 482 575 decerpere
491 518 565 571 flores,

70 592 170 634 Dicimus
179 593 280 634 assidue:
289 593 341 633 Cras
350 605 437 647 quoque
447 592 484 635 fiet
492 593 558 635 idem.

43 667 126 708 interea
138 666 208 708 tacitae
218 673 310 721 serpunt
319 665 342 705 in
353 666 433 707 viscere
443 665 549 718 flammaec

71 742 97 783 Et
107 740 166 782 mala
176 739 261 782 radices
270 738 336 781 altius
346 740 412 781 arbor
421 739 470 796 agit.

42 812 63 855 Si
74 824 148 856 tamen
158 814 234 856 suxttii
244 813 356 869 perierunt
366 822 464 869 tempora
473 814 550 870 primi,

71 889 96 930 Et
104 897 167 930 vetus
177 887 200 928 in
210 897 276 942 capto
285 896 372 942 pectore
381 886 436 929 sedit
445 900 518 939 smor;

43 960 112 1016 Majus
122 975 179 1017 opus
188 969 301 1016 superest:
311 960 349 1001 sed
358 973 414 1009 non,
423 961 475 1014 quia
484 962 552 1003 serior
560 976 617 1019 egro

71 1036 175 1084 Advocor‚
185 1033 222 1075 itte
232 1032 287 1074 mibi
297 1033 447 1076 destituendus
456 1034 503 1077 erit.

42 1109 111 1166 Quam
121 1108 185 1150 laesus
196 1106 270 1150 iuerat
278 1116 363 1162 partem
373 1107 479 1150 horstius
488 1107 563 1159 heros,

69 1184 130 1225 Certa
140 1182 248 1224 debuerat
257 1180 394 1236 praesecuisse
403 1195 478 1222 manu.

43 1256 87 1299 Post
97 1267 172 1299 tomen
183 1255 219 1297 hic
230 1254 313 1297 multos
323 1265 411 1297 mustus
422 1255 518 1298 ereditur
527 1270 596 1299 annos

69 1333 199 1387 Supremam
211 1327 272 1370 benis
281 1328 409 1384 imposuisse
420 1341 519 1371 manum.

43 1405 80 1461 Qui
90 1406 158 1447 modo
168 1412 281 1445 nascentes
290 1404 435 1457 properabam
444 1402 522 1458 pellere
533 1404 633 1456 morbos,

67 1479 178 1521 Admoveo
189 1478 276 1519 tardam
286 1489 345 1517 nunc
355 1476 394 1518 tibi
404 1475 475 1519 lentus
484 1490 555 1532 opem.

43 1553 80 1593 dut
89 1565 159 1600 nova,
169 1550 187 1592 si
197 1549 278 1605 possis,
288 1549 361 1591 sedare
371 1550 470 1591 incendia
480 1559 560 1592 tentes:

68 1627 109 1668 Aut
119 1624 158 1667 ubi
169 1637 208 1679 per
217 1622 272 1664 vires
281 1623 417 1678 procubuere
426 1636 483 1665 suas.

42 1701 111 1754 Quum
122 1698 187 1741 furor
196 1698 219 1739 in
228 1710 295 1738 curru
305 1706 347 1746 est,
356 1697 453 1738 currenti
463 1696 514 1738 cede
523 1696 599 1739 furori.

67 1771 169 1815 Difficiles
178 1770 252 1813 aditus
261 1770 356 1825 impetus
365 1770 438 1811 omnis
447 1770 519 1813 habet.

40 1846 132 1896 Stultus,
143 1845 171 1886 ab
181 1842 272 1898 obliquo
281 1842 319 1897 qui
328 1856 398 1898 quum
408 1843 536 1886 descendere
544 1843 622 1899 possit,

66 1921 150 1974 Pugnet
161 1917 184 1957 in
194 1916 294 1958 adversas
302 1915 333 1957 ire
342 1926 429 1958 natator
438 1929 511 1970 aquus.

39 1991 156 2047 impatiens
164 1988 264 2039 animus,
275 2002 314 2030 uec
323 1988 395 2031 adhuc
405 1988 523 2031 tractabilis
532 1998 589 2038 arte.

66 2063 167 2120 Respuit,
177 2073 244 2118 atque
252 2062 303 2104 odio
313 2063 378 2104 verba
387 2060 496 2103 monentis
505 2062 578 2104 habet.

38 2138 153 2196 Adgrediar
162 2136 241 2180 meiius
251 2146 314 2186 tunt,
324 2150 394 2192 quum
403 2150 443 2178 sua
453 2135 542 2178 vulnere
552 2136 611 2192 tongi

65 2217 114 2256 lam
124 2212 192 2264 sinet,
202 2222 224 2254 et
233 2212 288 2254 seris
297 2211 387 2254 vocibus
395 2220 461 2266 aptus
468 2210 516 2253 erit.
