1650 2584
124 185 164 214 aaa
351 168 534 214 Fastonnnr
681 184 702 213 v.
717 174 771 215 ati.

125 261 215 304 Eruitur
224 258 309 309 feritas,
318 258 428 313 armisque
437 257 548 314 potentius
556 271 644 315 acquam
653 269 696 312 ean

152 336 238 377 Etcum
247 331 292 374 cive
299 332 367 387 pudet
376 331 510 374 conseruisse
519 345 605 375 manus.

124 411 193 464 atque
203 405 290 463 aliquia,
299 406 366 447 modo
376 414 436 451 trux,
445 405 489 448 visa
495 406 545 462 jam
554 406 645 450 vertitur
654 421 705 460 ara,

154 482 253 537 Vinaque
262 480 300 521 dat
310 478 386 535 tepidis
395 478 493 535 salsaque
503 479 562 522 farra
571 478 631 522 iocis.

123 557 176 600 Ecce
184 556 254 597 Dedm
262 554 347 610 genitor
356 552 432 596 rutilas
441 567 480 609 per
488 553 565 596 nubila
574 554 677 597 flammas

152 629 247 686 Spargit‚
257 637 278 670 et
287 625 364 669 attusia
373 626 451 669 athera
462 627 528 669 siccat
537 628 604 682 aquis.

123 705 173 746 Non
185 701 237 744 alias
247 700 306 743 missi
316 700 410 742 cecidere
421 699 556 755 frequentius
565 701 632 756 ignes.

153 777 195 818 Rex
205 785 279 830 pavet,
290 783 314 816 et
323 772 379 828 vulgi
390 781 478 828 pectora
489 782 557 815 terror
566 775 639 817 habet.

123 848 163 891 Coi
171 849 225 889 Dea:
236 848 268 888 Ne
277 845 372 888 nimium
383 854 462 888 terrere
472 860 477 886 :
487 845 566 901 piabile
575 845 661 889 fulmen

65 960 69 965 ,
151 922 198 970 Eat,
208 920 251 971 ait;
262 929 283 962 et
290 919 339 961 sari
349 918 444 961 flectitur
452 918 486 961 ira
493 920 557 962 iovis.

121 996 162 1040 Sed
171 1003 273 1051 poterunt
282 993 349 1036 ritum
360 993 420 1036 Picus
430 995 558 1050 Faunusque
568 995 642 1051 piandi

149 1071 250 1118 Prodere,
259 1068 350 1111 Romani
360 1082 443 1111 numen
453 1078 543 1124 uterque
552 1069 599 1111 soii.

123 1145 168 1186 Nec
177 1142 223 1185 sine
232 1141 252 1183 vi
263 1142 347 1184 tradent
358 1158 362 1183 :
373 1141 476 1184 adhibeto
486 1142 571 1185 vincula
580 1143 656 1200 captis.
697 1146 701 1157 '

150 1220 219 1272 Atque
229 1215 269 1266 ita,
279 1228 323 1269 qua
332 1215 426 1270 possint,
436 1215 518 1268 erudit,
528 1226 574 1260 arte
583 1217 637 1275 capi.

122 1368 192 1410 iocus
204 1361 309 1406 Aventino
318 1362 407 1407 suberat
416 1364 476 1419 niger
484 1362 539 1406 ilicis
548 1365 639 1417 umbra,

151 1424 200 1497 'Quo
209 1451 281 1494 posses
290 1437 335 1480 vieo
345 1437 427 1490 dicere,
438 1440 526 1480 Numen
534 1438 597 1482 inest.
672 1460 676 1467 ·

119 1516 144 1557 in
155 1513 227 1556 medio
237 1524 338 1567 gramen,
348 1522 467 1566 muscoque
476 1513 579 1568 adoperta
589 1513 666 1557 virenti

150 1587 252 1631 Manabat
261 1598 313 1628 sano
322 1598 376 1628 vena
385 1584 485 1641 perennis
495 1599 555 1641 aquae
564 1603 570 1627 t

120 1665 172 1707 lnde
182 1661 226 1704 fere
237 1660 276 1703 soii
286 1663 372 1703 Faunus
381 1660 486 1716 Picusque
495 1661 605 1705 bibebant

148 1737 194 1777 fluc
201 1733 270 1785 venit,
280 1742 302 1775 et
310 1731 366 1776 fonti
376 1746 412 1775 rex
420 1735 493 1776 Numa
503 1744 585 1777 mactat
593 1748 664 1779 ovem.

120 1809 227 1864 Plenaque
237 1807 320 1849 odorati
330 1807 436 1863 Disponit
446 1807 524 1863 poeula
533 1809 620 1861 Bacchi3

109 1862 113 1880 ι
147 1883 245 1935 Cumque
255 1879 299 1921 suia
309 1889 372 1922 antro
381 1879 482 1923 conditus
490 1880 536 1936 ipse
544 1880 604 1924 latet.

116 1956 148 1998 Ad
157 1953 231 1996 soiitos
240 1952 329 1995 veniunt
338 1951 442 1995 silvestria
451 1954 543 1995 numina
553 1953 623 1998 fontes
631 1972 636 1997 :

145 2030 171 2071 Et
180 2026 274 2068 relevant
283 2025 353 2068 muito
362 2036 451 2082 pectora
459 2028 515 2070 sicea
524 2041 592 2071 mero.

117 2101 174 2144 Vina
182 2099 243 2154 quies
252 2100 356 2154 sequitur.
363 2100 438 2143 Geiido
447 2103 522 2144 Numa
530 2103 604 2158 prodit
612 2104 642 2147 ab
651 2117 732 2163 antro,

144 2170 264 2226 Vinclaque
272 2172 353 2227 sopitas
362 2173 455 2217 additia
464 2183 523 2218 arcta
530 2188 616 2220 manus.
