1650 2584
143 165 185 218 ³34
369 161 553 204 fastorum
700 175 722 203 v.
736 163 784 214 334

168 255 254 309 Captet,
264 261 285 295 et
294 260 388 295 errantes
398 251 481 307 fertque
491 250 599 308 refertque
609 251 681 307 pedes.

139 325 233 380 Adspicit
242 336 263 368 et
273 326 372 367 Vestam:
382 324 487 373 dubium,
498 323 653 380 Nymphamne
662 325 762 380 putarit,

169 404 199 442 An
210 399 282 443 scierit
291 401 388 448 Vestam3
399 398 462 441 scisse
471 399 508 440 sed
517 398 562 454 ipse
572 407 643 454 negat.

140 474 203 529 Spem
214 472 270 527 capit
279 472 413 521 obscaenam,
423 469 544 526 furtimque
553 470 654 512 accedere
665 480 749 519 tentam

167 550 192 591 Et
203 547 244 589 ferr
252 560 375 602 suspensos,
386 547 450 588 corde
460 545 564 596 micante,
574 546 662 601 gradus.

137 626 200 666 Forte
209 608 283 671 senei.
293 636 337 676 quo
347 630 420 664 vectus
429 629 485 671 erat,
496 619 578 662 Silenus
587 619 682 663 asellum

167 694 265 749 Liquerat
275 694 302 736 ad
312 693 369 749 ripas
378 693 425 735 lene
434 691 530 735 sonantis
539 706 607 748 aquae.

135 770 194 819 Ibat,
205 778 229 810 ut
239 768 342 823 inciperet
350 767 408 823 longi
419 769 471 809 deus
480 766 621 823 Hellesponti;

165 842 317 897 Intempestive
326 855 396 896 quum
406 840 465 882 rudit
473 840 509 882 ille
518 853 578 882 sono.

135 917 218 959 Territa
228 930 279 958 voce
287 915 345 971 gravi
355 916 424 971 surgit
432 916 485 957 dea:
495 914 595 957 convolat
605 915 680 957 omnis

164 992 247 1033 Turba:
257 1004 295 1046 per
304 989 391 1032 infestas
401 989 480 1045 effugit
489 989 524 1031 iile
534 1003 619 1032 manus.

136 1063 277 1120 (Lampsacos
287 1063 328 1104 hoe
337 1062 418 1104 animal
428 1061 490 1103 solita
499 1072 530 1103 est
540 1071 636 1104 mactare
647 1062 744 1121 Priapo:

164 1141 217 1193 Apta
226 1137 280 1178 asini
291 1136 385 1178 flammis
395 1134 471 1177 indicis
481 1145 527 1178 crta
537 1134 638 1191 damus.)

133 1213 203 1269 Quem
213 1221 247 1261 tn,
258 1210 306 1252 diva
315 1224 407 1260 memor,
417 1211 444 1251 de
453 1224 508 1265 pane
517 1208 637 1251 monilibus
647 1223 732 1254 ornas:

161 1287 233 1328 Cessat
242 1298 307 1340 opus;
317 1297 389 1326 vacuat
399 1284 522 1326 conticuere
531 1282 601 1326 moire.

131 1435 235 1483 Neuter,
244 1446 311 1488 quam
321 1433 390 1488 pretio
398 1432 532 1481 celebratior,
542 1445 590 1474 arce
600 1433 727 1481 Tonantis,

160 1507 233 1548 nicam
245 1507 329 1549 Pistoris
338 1507 390 1561 quid
400 1505 451 1549 velit
460 1504 569 1547 aratoris.

129 1582 204 1627 Cincta
213 1583 368 1638 premebantur
378 1581 475 1623 trucibus
484 1579 588 1635 Capitoiia
597 1578 679 1623 Gallis:

157 1658 244 1698 Fecerat
253 1656 336 1698 obsidio
342 1655 390 1711 jam
400 1655 504 1696 diuturna
515 1652 604 1694 famem.

127 1730 218 1785 Jupiter,
227 1730 254 1771 ad
263 1729 342 1771 solium
353 1728 440 1783 Superis
449 1726 518 1782 regaie
529 1725 620 1777 vocatia,

155 1804 238 1859 Incipe,
248 1804 279 1847 ait
288 1803 356 1845 Marti.
367 1803 466 1845 Protinus
475 1801 509 1844 ilie
519 1799 598 1843 refert:

126 1878 227 1921 «Scilicet
237 1878 335 1934 ignotum
347 1887 389 1926 est,
399 1891 447 1932 quar
457 1876 484 1919 sit
494 1874 583 1917 fortuna
593 1889 714 1931 meorum,

153 1954 178 1993 Et
187 1950 250 1992 dolor
258 1951 293 1993 hic
303 1951 370 1992 animi
381 1965 432 1992 voce
441 1948 550 2005 querentis
560 1953 619 2002 eget?

124 2023 145 2064 Si
156 2030 240 2072 tamen,
251 2032 275 2063 ut
286 2022 377 2064 referam
388 2021 481 2063 breviter
490 2019 547 2061 maia
553 2019 632 2076 juncta
642 2023 743 2076 pudori,

93 2116 97 2123 ·
153 2094 233 2148 Exigis
244 2093 319 2150 ttpino
331 2097 397 2137 Roma
407 2095 448 2136 sub
458 2094 519 2136 hoste
525 2092 591 2148 jacet.

125 2166 172 2209 ttae
182 2174 225 2214 est,
235 2165 270 2207 cui
280 2164 352 2208 fuerat
360 2165 467 2222 promissa
476 2165 572 2222 potentia
582 2178 672 2219 rarum,
