1650 2584
63 168 142 211 trec.
312 167 413 212 tiana
430 169 447 211 1.
664 187 702 228 ις,

90 259 146 302 Tuta
155 256 301 315 frequensque
309 256 361 301 licet
368 259 396 303 sit
404 259 450 313 νίας
458 259 542 304 crimen
548 260 620 306 habet

63 330 112 373 lude
121 341 252 387 procuratur
260 330 358 373 nimium
368 346 456 388 quoque
465 332 536 377 mrdta
543 344 657 390 procurat,

82 404 116 446 tn
125 403 166 445 sibi
175 404 287 447 mandatis
296 403 361 460 plura
369 404 462 448 videnda
469 415 539 461 putat.

63 478 124 521 Certa
133 477 195 521 tibia
206 479 271 521 uobis
281 478 370 521 dabitur
378 492 483 523 mensura
491 481 593 523 bibendi:

92 552 195 596 Officium
204 562 421 610 pauentiumque
429 554 535 610 pedesque
544 570 617 599 suurn.

17 622 18 643 ²
62 628 137 684 iurgia
145 629 265 685 pacique,
274 628 326 671 vinu
335 627 458 679 stimulata,
469 641 553 681 caveto,

91 702 117 744 Et
123 701 220 744 nimium
230 700 304 744 tacitos
313 701 341 744 ad
350 700 396 744 fera
405 701 462 744 bella
472 717 557 745 manus.

62 773 145 817 Occidit
153 775 258 831 Eurytion
267 773 334 817 stuite
342 774 393 817 data
403 774 454 817 vina
463 775 564 817 bibendo.

92 848 168 904 Aptior
176 858 209 891 est
217 848 276 892 dulci
286 862 362 891 mensa
371 862 501 904 merumque
507 849 566 905 joco.

63 925 85 969 ti
94 939 135 968 vor
146 934 191 976 est,
201 934 277 968 canta:
287 925 306 967 si
314 923 390 966 mollia
399 924 498 976 brachia,
508 924 575 967 salta:

94 1003 130 1051 Et,
140 1014 271 1056 quacunque
280 1010 341 1056 potes
351 1001 401 1042 dote
410 999 505 1056 plaeere,
514 1000 581 1056 place.

67 1072 161 1115 Ebrietas
172 1082 197 1115 ut
206 1087 255 1115 vera
265 1082 340 1124 uocet,
349 1073 380 1115 sic
389 1072 441 1116 ficta
446 1072 540 1128 juvabit.

17 1148 19 1209 i
94 1147 135 1189 Fac
145 1147 225 1190 titubet
233 1146 299 1189 blaeso
308 1145 400 1188 subdola
409 1145 483 1201 lingua
492 1160 559 1189 sono:

17 1212 18 1223 ³
67 1220 104 1272 Ut,
114 1220 220 1277 quidquid
231 1220 296 1263 facies
306 1220 390 1262 diceave
399 1221 520 1276 protervius
528 1235 602 1278 aequc,

93 1295 199 1337 credatur
207 1293 303 1336 nimium
312 1307 377 1336 causa
387 1292 453 1335 fuisse
462 1308 555 1337 merum.

17 1370 19 1399 t
67 1367 102 1417 Et,
110 1369 177 1418 Beue,
188 1367 234 1418 dic,
243 1366 349 1418 dominae3
359 1367 426 1419 bene,
435 1381 486 1409 cum
496 1381 541 1422 quo
550 1367 645 1411 dormiat
653 1367 701 1411 illa:

17 1416 19 1497 i
95 1442 134 1484 Sed
144 1440 202 1484 male
210 1442 239 1484 sit
248 1441 313 1484 tacita
322 1450 395 1483 mente
403 1454 490 1497 precare
499 1441 552 1483 viro.

17 1546 19 1561 ‚
67 1512 103 1565 dt,
112 1528 184 1569 quum
193 1514 288 1556 discedet
296 1527 372 1555 mensa
380 1512 470 1555 conviva
480 1523 574 1565 remota3

17 1602 18 1639 1
95 1586 157 1644 (Ipsa
167 1586 207 1629 tibi
216 1600 314 1629 accessus
324 1587 388 1643 turba
395 1586 512 1642 locumque
521 1586 594 1643 dabit)

69 1659 136 1703 Insere
146 1671 167 1705 te
179 1662 261 1703 turbae:
271 1659 388 1715 leviterque
396 1659 499 1702 admotus
507 1660 580 1712 eunti,

96 1734 155 1777 Velle
165 1734 223 1776 latus
232 1732 315 1788 digitis;
326 1741 347 1774 et
356 1733 409 1788 pede
420 1742 482 1789 tange
492 1733 576 1788 pedem.

17 1824 19 1861 Ι
70 1807 179 1865 colloquio
185 1807 236 1864 jam
246 1818 332 1863 tempus
341 1807 408 1850 adeat.
418 1809 476 1862 Fuge
485 1807 564 1849 rustice
573 1806 637 1864 lunge

17 1880 19 1935 ᾖ
94 1883 147 1925 llinc
156 1883 242 1940 pudor:
253 1882 370 1924 audentem
380 1883 474 1935 Forsque
482 1881 692 1937 Venusquejuvaut.

70 1955 116 1999 Nou
125 1967 165 2000 tua
174 1957 217 1999 sub
226 1964 311 1997 nostras
320 1954 392 1996 veniat
400 1953 504 1996 facundia
513 1953 575 2010 leges.

95 2032 135 2073 Fae
146 2039 237 2074 tantum
246 2028 347 2084 incipias,
357 2037 433 2084 sponte
442 2028 534 2070 disertus
543 2028 591 2070 eris.

69 2106 103 2149 Eat
111 2106 152 2149 tibi
161 2104 261 2161 agendus
270 2116 359 2152 amans,
368 2101 518 2158 imitandaque
527 2101 617 2146 vulnera
625 2103 703 2164 verbis.

95 2181 148 2223 iiiuc
158 2178 200 2221 tibi
210 2185 322 2233 quaeratur
330 2172 427 2233 qualibet
436 2184 481 2216 arte
491 2174 550 2215 fides.

17 2248 19 2329 ἱ
184 2266 213 2295 ιι.
612 2247 624 2283 3
