1650 2584
132 193 160 245 74
298 192 395 235 iaris
413 192 598 234 taltorta
688 208 710 236 v.
727 198 778 238 1³0.

160 280 218 337 Quos
227 278 279 335 legit
287 280 310 322 in
319 280 381 322 viridi
390 280 477 322 decolor
486 282 551 322 indus
560 295 624 336 aqua

130 352 175 393 Nee
184 353 267 407 prodite
277 367 350 408 graves
359 353 433 395 insuto
442 353 535 395 vestibus
545 366 613 395 auro:

159 427 198 467 Per
206 440 259 480 quas
269 440 309 468 nos
319 426 401 481 petitis,
410 441 465 481 sepe
476 425 565 482 inflatis,
576 439 635 481 opes.

121 534 123 537 .
131 501 243 543 Munditiis
253 502 365 557 capimur:
375 515 421 543 non
430 502 473 543 sint
482 501 528 542 sine
537 501 582 556 lege
591 500 673 556 capilli.

160 576 256 617 admota
265 575 362 617 formam
372 577 468 630 dantque
477 585 600 630 negantque
609 589 700 618 manus.

131 650 176 690 Nec
186 663 253 703 genus
262 660 351 691 ornatus
361 663 432 691 unum
441 658 485 690 est:
496 649 555 702 quod
564 661 678 704 quamque
687 649 787 701 decebit,

160 722 237 777 Eligat:
248 733 269 765 et
278 722 391 777 speculum
401 721 499 764 consulat
508 731 559 763 ante
567 735 642 763 sunm.

131 798 204 851 Longa
213 796 290 851 probat
300 795 364 837 facies
373 795 449 850 eapitis
458 795 584 836 discrimina
593 795 643 850 puri
652 811 657 836 ε

160 868 193 910 Sic
201 878 247 911 erat
256 868 337 910 ornatis
346 868 463 910 Laodamia
473 867 548 908 comis.

131 941 238 997 Exiguum
247 955 334 982 summa
345 943 428 982 nodum
438 940 478 982 sibi
488 939 560 982 fronte
570 939 678 996 relinqui,

160 1019 188 1058 Ut
197 1026 284 1072 pateant
292 1030 367 1067 aures,
378 1031 416 1058 ora
426 1017 519 1058 rotunda
529 1015 612 1057 volunt.

131 1090 222 1133 Alterius
232 1090 301 1132 crines
310 1090 402 1131 humero
409 1089 521 1145 jactentur
530 1098 635 1144 utroque:

161 1162 218 1205 Talis
227 1177 249 1204 es
258 1164 369 1211 adsumta,
380 1163 457 1211 Phcebe
466 1176 555 1209 canore,
566 1160 619 1217 lyra.

132 1236 202 1281 Altera
212 1238 325 1279 succinctae
335 1237 437 1292 religetur
446 1250 506 1278 more
516 1236 598 1287 Dianae3

161 1314 189 1354 Ut
198 1312 261 1360 solet,
272 1312 374 1354 attonitas
384 1325 455 1365 quum
464 1310 518 1365 petit
529 1309 565 1350 illa
575 1308 639 1351 feras.

133 1385 187 1428 lluic
196 1387 257 1427 decet
266 1385 352 1427 inflatos
361 1384 407 1426 laxe
414 1384 508 1439 jacuisse
518 1382 606 1438 capillos
615 1399 620 1424 ε

164 1460 201 1503 llla
211 1461 238 1503 sit
248 1460 353 1502 adstrictis
363 1459 499 1514 impedienda
509 1459 584 1500 comis.

135 1534 193 1576 lianc
203 1534 272 1589 placet
281 1533 353 1575 ornari
364 1533 470 1575 testudine
479 1532 592 1588 Cyllenea:

163 1609 271 1651 Sustineat
280 1608 360 1650 similes
370 1608 472 1649 fluctibus
482 1607 518 1648 illa
527 1607 595 1648 sinus.

134 1684 174 1725 Sed
183 1697 253 1737 neque
263 1696 348 1724 ramosa
357 1681 483 1723 numerabis
493 1682 516 1722 in
525 1681 572 1722 ilice
581 1679 684 1736 glandes3

164 1757 208 1797 Nec
217 1765 271 1809 quot
281 1768 330 1809 apes
341 1754 418 1810 Hyble,
428 1768 467 1795 nec
477 1763 531 1808 quot
540 1753 562 1793 in
572 1751 624 1808 Alpe
634 1752 698 1805 ἔειπες

134 1831 179 1873 Nee
190 1829 242 1871 mihi
253 1838 285 1871 tot
294 1829 377 1884 positus
387 1820 480 1869 numero
489 1827 645 1882 comprendere
655 1826 689 1871 fas
698 1839 746 1872 est:

164 1901 243 1958 Adjicit
250 1911 339 1943 ornatus
348 1901 447 1956 proxima
456 1913 547 1955 quaque
556 1899 608 1941 dies.

132 1977 162 2019 Ὲῑ
171 1974 266 2029 neglecta
276 1975 336 2016 decet
345 1973 425 2016 multas
434 1986 503 2015 coma.
513 1974 572 2027 Saepe
577 1971 652 2028 jacere

166 2052 290 2091 Hesternam
300 2049 384 2099 credas;
394 2048 430 2089 illa
441 2061 518 2103 repexa
526 2048 594 2088 modo
604 2057 644 2090 est.

135 2123 175 2165 ais
184 2135 258 2163 casnm
268 2121 362 2163 simulet.
371 2121 404 2163 Sic
414 2132 475 2176 capta
485 2120 538 2163 vidit
548 2131 573 2162 ut
582 2122 636 2162 urbe

165 2193 247 2236 Alcides
255 2192 326 2244 lolen,
335 2195 394 2235 llanc
404 2205 456 2249 ego,
465 2192 531 2245 dixit,
540 2205 599 2235 ame.
