1650 2584
121 131 163 207 '114
283 154 591 208 ssnroittnoais
678 164 759 224 mis

118 246 173 300 Ergo
182 258 232 300 age,
242 244 339 300 quisquis
349 258 412 300 opem
423 255 498 288 nostra
507 246 546 289 tibi
555 247 626 302 poscis
634 249 664 291 ab
674 260 730 304 arte,

123 348 126 354 f
147 322 212 361 Deme
223 319 329 361 veneficiis
339 319 515 376 carminibusque
525 321 600 364 iidem.

118 392 139 435 Si
149 403 169 435 te
178 406 243 434 causa
252 402 328 447 potens
337 392 427 434 domina
438 393 539 437 retinebit
549 394 571 436 in
582 396 650 447 Urbe3

147 465 233 521 Accipe.
243 465 358 507 consilium
368 466 428 521 quod
438 466 466 509 sit
474 467 497 508 in
507 468 563 509 Urbe
574 482 659 511 meum.

116 540 217 595 Optimus
227 537 262 580 ille
271 537 315 580 fuit
325 538 413 588 vindex,
423 537 521 581 laedentia
531 550 607 595 pectus

146 611 238 654 Vincula
247 611 285 666 qui
296 610 365 666 rupit.
375 610 515 666 dedoluitque
524 613 597 655 semel.

117 688 138 729 Si
148 688 183 729 cui
194 695 280 728 tantum
290 685 359 727 animi
368 693 414 737 est‚'
422 685 485 727 ilium
495 686 592 729 mirabor
601 699 624 732 et
633 689 693 746 ipse;

146 763 172 802 Et
180 760 263 808 dicam,
273 759 360 801 Monitis
370 772 414 800 non
424 769 471 815 eget
480 760 519 802 iste
529 761 588 803 meis.

117 836 150 877 Tu
161 833 226 883 mihi,
236 832 285 888 qui.
295 834 354 888 quod
363 846 435 884 amas,
445 846 499 888 agre
509 833 600 876 dediscis
608 849 698 889 amare;

146 910 190 950 Nec
200 917 270 963 potes,
280 916 302 949 et
311 905 373 947 velles
383 920 455 962 posse;
466 907 575 949 docendus
584 909 633 951 eris.

117 983 175 1037 Saepe
185 980 241 1022 refer
250 990 323 1022 tecum
332 979 438 1021 sceleratae
448 978 505 1022 facta
515 980 602 1036 puellam

146 1058 171 1098 Et
181 1068 236 1110 pone
246 1063 296 1095 ante
305 1053 380 1095 oculos
390 1053 465 1095 omnia
474 1055 555 1096 damna
565 1064 621 1097 tuos.

118 1129 174 1171 Illud
183 1138 204 1170 et
214 1127 266 1169 iliud
276 1127 353 1169 hahet:
363 1140 403 1168 nec
412 1141 438 1168 ea
447 1137 549 1170 contenta
559 1128 635 1184 rapina

147 1202 191 1243 Sub
201 1200 290 1243 titulum
300 1209 385 1241 nostros
394 1199 454 1241 misit
463 1214 527 1242 avara
535 1199 597 1243 lares.

118 1276 151 1318 Sic
161 1274 215 1316 mihi
221 1273 316 1330 jurarit:
326 1273 356 1315 sic
366 1272 482 1328 mejurata
491 1273 573 1316 fefellit

147 1353 201 1392 Ante
210 1362 272 1391 suam
282 1347 366 1403 quoties
375 1360 438 1402 passa
445 1346 518 1401 jacere
529 1346 610 1389 forem!

117 1424 189 1479 Diligit
198 1423 244 1478 ipsa
253 1421 316 1469 alios3
326 1435 339 1462 a
349 1434 384 1461 me
395 1419 477 1461 fastidit
486 1420 562 1462 amari.

147 1498 245 1546 Institor,
255 1496 309 1536 heu!
319 1503 404 1543 noctes,
413 1507 468 1548 quas
478 1493 532 1534 mihi
542 1507 586 1535 non
596 1496 646 1547 dat,
656 1496 737 1542 habet!

119 1574 166 1614 iiaec
177 1570 215 1613 tibi
225 1584 263 1625 per
272 1579 328 1611 totos
338 1567 460 1610 inacescant
470 1567 543 1609 omnia
553 1582 641 1614 sensus:

146 1648 193 1688 nee
205 1645 272 1686 refer:
282 1644 332 1684 hinc
342 1641 385 1683 odii
394 1641 478 1683 semina
486 1655 557 1697 quatre
567 1643 606 1685 tui.

117 1722 186 1774 Atque
197 1718 280 1759 utinam
291 1716 357 1771 possis
366 1714 432 1756 etiam
443 1713 550 1757 facundus
559 1714 581 1756 in
591 1715 634 1759 iliis

147 1792 206 1833 Esse!
216 1790 264 1832 dole
275 1799 371 1840 tantum
381 1798 458 1843 sponte
468 1787 559 1830 disertus
568 1790 617 1832 eris.

117 1868 210 1908 Haescrat
219 1864 241 1904 in
250 1864 345 1916 quadam
355 1876 426 1916 nuper
435 1875 483 1903 inea
492 1875 545 1903 cura
554 1862 639 1918 puella:

146 1938 278 1981 Conveniens
288 1937 361 1978 animo
371 1950 415 1977 non
426 1947 471 1979 erat
480 1936 516 1978 illa
527 1950 583 1979 meo.

117 2011 214 2054 Curabar
223 2009 314 2063 propriis
323 2022 377 2063 aeger
388 2009 503 2051 Podalirius
513 2009 585 2052 herbis
593 2024 598 2049 :

146 2086 183 2128 Et.
192 2082 267 2128 fateor.
277 2082 373 2122 medicus
383 2083 474 2138 turpiter
482 2096 537 2138 eger
545 2097 612 2126 eram.

114 2154 201 2198 Profuit
211 2153 295 2195 assidue
304 2153 360 2195 vitiis
368 2154 466 2198 insistere
475 2158 557 2199 amice.
