1650 2584
60 173 85 201 v.
98 161 135 215 49.
307 166 408 208 LIBER
425 168 469 209 tv.
667 174 705 213 251

57 249 114 290 Jam
124 257 198 290 tamen
207 248 314 307 Agrippan
324 254 435 308 genitum,
444 254 606 311 Remulumque
614 268 715 315 nepotem

93 322 195 366 Viderat:
205 324 228 366 in
236 327 354 370 Remulum
365 328 460 371 fulmina
470 331 538 373 missa
548 330 628 375 ferunt.
674 370 676 373 ,

62 395 131 439 Venit
142 397 258 440 aventinus
268 410 316 454 post
325 400 364 443 hos
373 416 379 441 z
389 401 449 445 iocus
459 405 518 445 unde
528 413 626 455 vocatus,

32 478 38 484 ·
92 472 156 511 Mons
165 484 253 527 quoque
262 490 265 513 :
276 484 325 528 post
334 473 396 516 ilium
408 477 487 519 tradita
497 490 562 532 regna
572 480 648 519 Proeae.

58 545 132 600 Quem
143 546 241 601 sequitur
250 547 299 590 duri
309 549 413 591 Numitor
422 562 539 606 germanus
548 550 627 593 Amuli.

90 617 129 659 liin
140 633 191 661 eum
203 622 271 677 pauso
280 622 307 663 de
319 623 435 666 Numitore
445 625 493 667 sati.

44 676 114 735 'Ense
123 693 181 736 cadit
190 704 269 750 patruo
278 698 359 738 Lausus
369 714 373 738 :
383 697 454 752 piacet
463 698 501 740 iiia
511 699 585 749 Marti3

88 771 161 822 Teque
171 768 237 823 parit,
248 770 334 825 gemino
340 771 418 826 juncte
429 771 517 827 Quirine
526 775 599 815 tremo.

55 838 97 881 Ille
105 853 157 881 suos
166 854 251 896 semper
262 844 366 884 Venerem
378 846 514 899 Martemque
522 855 622 901 parentes

65 912 69 921 '
88 912 155 959 Dixit:
165 924 186 956 et
195 916 287 958 emeruit
297 917 354 960 vocis
364 918 444 960 habere
454 919 526 962 fidem.

9 997 13 1002 ·
56 989 118 1030 Neve
128 990 222 1032 secuturi
231 1002 318 1047 possent
328 994 409 1036 nescire
419 1005 518 1050 nepotes,

87 1064 196 1119 Tempora
205 1066 239 1107 Dis
248 1067 330 1121 generis
339 1068 466 1124 continuata
475 1070 540 1112 dedit.

54 1213 98 1254 Snn
108 1211 303 1272 Veneriemensem
313 1217 376 1259 Graio
385 1230 486 1260 sermone
496 1228 598 1262 notatum

85 1284 199 1338 Auguror:
210 1299 222 1326 a
231 1288 314 1341 spumis
323 1299 354 1332 est
362 1292 404 1332 Dea
415 1291 472 1333 dieta
482 1292 555 1334 maris.
622 1350 624 1353 ι

54 1358 102 1399 Nec
113 1355 152 1397 tibi
161 1356 189 1398 sit
198 1359 280 1401 mirum
289 1363 352 1404 Graio
361 1378 407 1406 rem
418 1365 507 1407 nomine
516 1365 570 1407 dici:

85 1430 140 1472 {teia
150 1444 200 1472 uam
213 1432 274 1475 tellus
283 1436 361 1478 crecta
371 1439 441 1495 major
449 1449 503 1483 erat.

54 1507 152 1547 Venerat
162 1507 258 1548 Evander
266 1507 388 1565 plenarum
398 1513 464 1557 classe
473 1529 577 1565 suorum3

85 1580 180 1620 Venerat
189 1578 284 1621 Alcides:
294 1581 369 1624 Graius
379 1594 469 1640 uterque
479 1601 552 1643 genus.

51 1655 134 1708 Hospes
143 1652 252 1695 Aventinis
261 1665 386 1697 armentum
396 1660 454 1712 pavit
463 1660 485 1703 in
495 1661 567 1705 herbis

81 1726 188 1782 elongem
198 1736 220 1770 et
231 1738 291 1770 tauto
300 1739 332 1771 est
341 1729 418 1772 Albula
428 1743 478 1787 pota
488 1737 536 1778 Deo.

48 1802 97 1843 Dux
106 1813 194 1855 quoque
203 1800 298 1843 Neritius
307 1815 312 1841 ε
322 1811 385 1844 testes
395 1805 539 1862 Lestrygones
548 1816 644 1856 exstant.

79 1876 104 1917 Et
113 1875 172 1929 quod
182 1874 253 1917 adhue
263 1876 332 1919 Circes
342 1878 432 1919 uomina
442 1878 493 1921 iitus
501 1881 573 1927 habet.

50 1951 76 1992 Et
82 1949 131 2005 jam
141 1949 241 2007 Telegoni
249 1985 254 1995 ,
260 1951 309 2007 jam
319 1953 399 1997 moeuia
407 1953 494 1995 Tiburis
503 1957 541 1998 udi

78 2023 178 2067 Stabant.
188 2023 289 2079 Argoiieae
298 2026 357 2080 quod
366 2039 458 2082 posuere
469 2040 553 2072 manus.

47 2095 142 2137 Venerat
153 2094 234 2137 Atrides
244 2096 294 2139 fatis
303 2098 396 2153 agitatus
406 2098 506 2152 Halesus;

74 2172 88 2212 Α
100 2183 144 2225 quo
154 2183 175 2212 se
185 2171 266 2215 dietam
278 2182 333 2216 terra
342 2174 427 2218 Falisca
438 2183 508 2229 putet
