1650 2584
68 183 151 224 v.722.
236 200 238 203 .
307 164 469 230 LIBERVUI.

100 260 190 303 Viderat
198 258 222 300 in
231 255 325 312 campis,
334 254 409 311 Algida
418 264 486 306 urta,
495 255 546 298 tuis.

69 335 131 379 Unde
140 332 269 375 suburbano
278 328 361 378 clarus,
370 328 476 377 Tuberte,
485 326 609 382 triumpho,

101 410 182 451 Vectus
191 420 213 448 es
223 404 246 447 in
255 403 334 454 niveis,
343 404 457 453 Postume,
466 401 535 443 victor
544 401 611 456 equis.

71 562 118 602 ltu
127 571 174 609 ser,
185 565 206 600 et
215 554 307 598 totidem
316 552 375 594 luces
384 551 411 592 de
421 563 495 592 mense
505 557 634 604 supersunt:

105 631 158 674 lluic
168 643 238 673 unum
248 639 342 670 numero
351 635 376 667 tu
386 635 460 666 tamen
471 622 525 664 adde
535 621 600 664 diem.

69 703 109 749 Sol
119 703 165 745 abit
174 717 185 744 e
194 700 301 749 Geminis,
312 708 334 741 et
342 695 420 740 Cancri
429 695 490 751 signa
500 695 630 736 rubescunt:

105 777 175 834 Coepit
184 775 289 819 Aventina
297 772 366 816 Pallas
375 771 398 812 in
407 784 457 812 arce
466 768 515 811 coli.

72 858 124 898 lam
134 863 184 903 tua,
193 850 329 899 Laomedon,
338 847 408 889 oritur
417 859 498 897 nurus;
508 853 599 900 ortaque
607 853 694 886 noctem

106 925 178 976 Pellit‚
188 933 209 965 et
218 938 230 965 e
239 922 307 978 pratis
317 921 360 962 uda
370 918 448 975 pruina
457 916 520 972 fugit.

74 999 179 1048 Reddita,
188 995 286 1052 quisquis
295 995 313 1036 is
323 1003 366 1045 est,
375 994 497 1034 Summano
507 988 587 1045 templa
597 988 705 1040 feruntur,

109 1077 180 1124 Tum,
190 1085 261 1128 quum
271 1069 385 1119 Romanis,
394 1067 485 1123 Pyrrhe,
495 1066 606 1119 timendus
615 1079 669 1107 eras.

78 1227 144 1269 llere
152 1235 240 1278 quoque
249 1233 320 1275 quum
329 1218 405 1276 patriis
413 1215 501 1260 Galatea
510 1212 614 1271 receperit
623 1214 699 1265 undis,

111 1300 219 1355 Plenaque
228 1310 308 1339 securae
317 1306 374 1338 terre
383 1294 462 1350 qnietis
471 1293 523 1342 erit;

79 1373 155 1429 Surgit
165 1368 340 1424 humojuvmis,
350 1366 397 1408 telis
406 1364 500 1406 adlletus
509 1362 582 1415 evitis,

112 1449 138 1489 Et
147 1442 235 1499 gemino
245 1452 310 1481 neres
319 1437 410 1494 porrigit
420 1449 491 1491 angue
501 1448 586 1476 manus.

80 1523 156 1564 Notus
165 1528 228 1558 amor
237 1513 340 1561 Phaedre,
350 1511 402 1552 no'tu
411 1518 444 1552 est
452 1507 535 1564 injurie
543 1507 633 1550 Thesei:

113 1589 202 1636 Devovit
210 1597 289 1630 natum
300 1582 401 1628 credulus
410 1580 445 1624 ille
454 1595 528 1624 snum.

82 1674 136 1717 Non
146 1667 237 1722 impune
246 1662 295 1719 pius
301 1658 389 1717 juvenis
397 1661 497 1700 Troezena
507 1658 607 1713 petebat:

115 1741 194 1786 Dividit
203 1739 313 1780 obstantes
323 1742 408 1790 pectore
419 1742 496 1774 teurns
505 1745 579 1786 aquas.

81 1815 174 1866 Solliciti
185 1821 293 1856 terrentur
301 1808 363 1865 equi3
373 1806 497 1861 frustraque
507 1805 597 1858 retenti,

116 1896 156 1936 Per
165 1884 266 1944 scopulos
275 1882 391 1925 dominum
402 1881 500 1936 duraque
510 1893 561 1921 sexa
572 1878 666 1924 trahunt.

86 1966 202 2014 Exciderat
210 1973 289 2009 curru,
298 1956 393 2011 lorisque
402 1954 541 1997 morantibus
551 1963 611 1996 artus

118 2037 246 2097 Hippolytus
255 2034 326 2076 lacero
335 2043 426 2086 corpore
436 2038 510 2085 raptus
519 2036 578 2071 erat:

87 2115 232 2168 Edideratque
242 2107 352 2155 animam
362 2104 461 2147 multum
470 2101 597 2157 indignante
606 2099 681 2144 Diana.

119 2187 196 2239 Nulla,
205 2181 334 2235 Coronides,
345 2192 411 2223 causa
420 2176 512 2230 doloris,
521 2174 565 2219 eit:

176 2274 205 2305 ιι.
637 2250 663 2290 23
