1650 2584
86 170 125 211 162
311 168 494 210 Fastorum
637 182 658 210 v.
668 170 722 224 487.

83 252 127 300 Nee
137 267 220 309 tamen,
230 268 254 301 ut
263 258 357 314 primus,
367 271 446 310 meere,
455 257 513 301 mala
523 256 573 301 talia
582 271 669 314 passus:

112 332 189 374 Obruit
198 332 293 389 ingentes
302 332 342 375 ista
353 331 447 388 procella
455 332 518 374 viros.
664 333 666 336 ’

83 407 157 447 Passus
166 406 234 457 idem,
244 406 311 463 Tyriis
321 407 358 462 qui
367 406 480 462 quondam
489 404 565 462 pulsus
575 405 603 447 ab
612 405 667 457 eris,

112 480 216 528 cadmus,
226 479 248 520 in
257 479 324 522 Aonia
334 479 430 521 constitit
439 477 497 520 exsul
507 479 588 520 humo:

87 554 162 595 Passus
171 554 228 595 idem
237 554 332 609 Tydeus,
342 562 363 594 et
372 552 430 594 idem
439 555 543 607 Pegaseas
552 554 626 604 [asom

115 630 141 669 Et
149 642 203 683 qnos
212 637 313 683 praterea
321 627 385 682 longa
395 625 473 669 referre
483 635 592 669 moreest.

87 701 156 742 Omne
164 700 235 742 solum
246 699 296 743 forti
305 699 375 757 patria
383 709 427 742 est:
439 708 464 742 nt
472 698 566 756 piscibus
576 712 661 755 aequom

117 776 143 816 Ut
152 772 244 822 volucri,
254 787 322 815 vacuo
331 772 436 828 quidquid
446 772 468 814 in
478 772 529 813 orbe
539 781 605 828 patet.

89 848 133 888 Nee
143 846 187 888 iera
198 857 312 903 tempestas
321 858 366 890 toto
377 857 449 889 tamen
458 846 531 888 horret
540 846 563 887 in
573 860 641 889 anno:

120 919 146 960 Et
155 918 205 971 tibi,
215 920 276 961 erede
286 919 352 971 mihi,
362 930 460 975 tempora
469 918 523 961 veris
531 929 602 962 erunt.

90 1068 185 1109 Vomitus
195 1069 290 1109 Evander
299 1068 385 1110 firmata
395 1077 467 1110 mente
477 1067 571 1124 parentis

119 1142 177 1182 Nave
186 1151 242 1183 secat
252 1140 341 1192 fluctus,
350 1141 516 1197 Hesperiarnque
526 1150 591 1184 tenea

92 1216 183 1270 Jamque
192 1224 260 1257 ratem
270 1216 337 1258 docta
346 1216 433 1258 monitu
442 1215 562 1259 Carmentis
572 1216 595 1257 in
604 1228 694 1258 amnem

119 1291 204 1345 Egerat.
213 1299 235 1331 et
242 1288 332 1336 ,Thuseis
343 1289 419 1332 obvius
429 1290 474 1333 ibat
484 1290 552 1344 aquis.

91 1361 195 1404 Fluminis
204 1361 239 1404 ilia
248 1362 315 1413 latus,
325 1363 360 1405 cui
369 1374 422 1406 sunt
431 1364 484 1405 vada
489 1363 568 1418 juncta
576 1363 672 1415 Terenti,

121 1436 225 1491 Adspicit,
234 1446 255 1478 et
264 1450 347 1493 sparsas
356 1451 394 1493 per
402 1437 450 1480 loca
458 1437 504 1480 sola
513 1451 580 1480 casas.

92 1510 161 1564 thue
171 1520 225 1559 erat,
236 1509 337 1552 immissis
346 1510 437 1567 puppim
446 1510 504 1554 stetit
513 1520 563 1553 ante
572 1509 663 1567 capillis,

122 1582 275 1637 Continuitque
285 1597 375 1625 manum
387 1593 447 1633 torva
456 1584 547 1640 regentis
556 1583 607 1635 iter3

96 1656 120 1696 Et
129 1654 204 1710 procul
213 1655 234 1696 in
244 1657 340 1698 dextram
351 1657 439 1699 tendens
448 1671 486 1699 sua
495 1656 583 1700 brachia
592 1657 673 1714 ripam,

123 1728 186 1769 Pinea
196 1742 239 1770 non
249 1743 301 1771 sano
311 1739 343 1773 ter
351 1731 405 1786 pede
415 1740 472 1773 texta
482 1729 538 1773 ierit.

94 1802 152 1843 ihre
161 1803 221 1844 daret
229 1802 308 1845 saltum
317 1818 434 1860 properans
443 1804 539 1847 insistere
549 1814 620 1856 terre,

125 1875 165 1916 Vix
174 1885 206 1918 est
215 1878 304 1919 Evandri
314 1878 389 1933 vixque
399 1888 482 1921 retenta
492 1883 566 1920 mauu.

96 1951 162 2005 Dique
171 1951 299 2006 petitorum,
309 1954 373 2003 dixit,
382 1954 461 1996 salvete
470 1954 580 2004 locorum,

126 2025 201 2078 Tuque
210 2038 276 2066 novas
285 2026 338 2068 eoeio
348 2037 404 2069 terra
413 2027 490 2070 datura
500 2029 563 2076 Deam

99 2093 251 2151 Fluminaque,
260 2106 282 2139 et
289 2099 378 2151 fontes,
387 2099 467 2155 quibus
477 2099 545 2143 utitur
554 2096 639 2154 hospita
648 2096 721 2150 tellus,
