1650 2584
87 201 185 271 usius
324 216 426 260 nient
443 219 491 259 ιιι.
685 220 724 261 231

118 306 230 350 Vulcanus
238 307 318 349 Veneri
327 320 394 362 quam
404 306 474 357 dedit,
484 306 520 350 ills
529 307 590 350 mihi.

86 380 148 423 Dicte
158 379 222 422 lecit:
233 394 372 437 gemmaeque
381 394 460 423 novem
472 380 612 424 transformet
620 381 644 424 in
653 381 718 439 ignes.

92 456 95 462 '
116 456 187 497 Aurea
195 468 234 510 per
242 453 314 498 stellas
322 468 382 498 nune
392 455 460 499 micat
469 455 506 498 illa
515 470 600 498 novem.

88 602 130 645 Su
139 600 178 642 ubi
187 600 307 650 sustulerit.
318 601 409 644 totidem
418 602 543 645 demerserit
552 603 625 654 orbes,

120 676 256 730 Purpureum
266 675 341 731 rapido
350 675 388 731 qni
397 675 456 718 vehit
465 690 503 718 axe
513 676 582 726 diem;

87 749 160 795 Altera
169 750 281 807 gramineo
289 752 395 807 spectabis
404 752 492 808 Equiris
500 766 589 808 rampo,

119 825 190 881 Quem
200 824 282 867 Tiberis
290 825 361 868 curvis
370 826 393 868 in
403 825 459 869 lutus
469 836 531 883 urget
540 828 608 883 aquis.

89 898 133 955 Qui
144 908 217 941 temen
227 898 294 954 ejecta
304 899 321 941 si
332 899 387 942 forte
396 899 506 942 tenebitur
515 901 584 952 unda,

121 973 199 1016 delius
209 973 300 1030 accipiat
309 973 473 1030 pulverulentus
482 988 555 1030 equos.

91 1121 164 1162 Imeus
174 1128 205 1162 est
214 1121 279 1162 Anne
288 1118 370 1163 festum
380 1119 463 1177 geniale
471 1122 582 1173 Perenne,

120 1194 182 1235 fland
191 1193 266 1249 procul
276 1208 289 1236 a
298 1194 360 1250 ripis,
369 1195 452 1237 advena
460 1186 532 1245 Tibri,
543 1193 592 1237 tuit.

92 1267 153 1310 Plebs
163 1267 231 1319 venit,
241 1282 266 1310 uc
275 1267 352 1311 virides
362 1269 442 1325 passim
452 1268 541 1324 disjecta
550 1282 589 1324 per
596 1267 674 1311 herbas

122 1341 194 1390 Petet,
204 1349 225 1382 et
234 1340 345 1384 accumbit
354 1354 405 1383 eum
415 1355 467 1397 pere
475 1341 567 1397 quisque
575 1355 622 1384 sus.

92 1414 139 1457 Sub
148 1416 199 1456 Jove
208 1428 258 1470 pers
268 1415 345 1458 durat:
356 1414 419 1471 penei
430 1415 522 1457 tentoria
531 1425 628 1470 ponunt:

122 1489 187 1536 Sunt.
197 1488 278 1544 quibus
287 1502 298 1530 e
308 1501 370 1530 ramo
380 1486 470 1529 frondes
481 1486 537 1529 lucta
546 1501 595 1530 ensa
604 1497 650 1530 est:

89 1564 142 1606 Pers
151 1561 190 1604 ubi
200 1574 240 1617 pro
250 1561 323 1618 rigidis
331 1560 427 1604 calamos
436 1569 530 1603 statuere
539 1560 658 1612 columnis,

121 1636 217 1690 Desuper
225 1642 321 1676 extentus
330 1632 453 1688 imposuere
463 1641 529 1688 togas.

90 1707 141 1751 Sole
151 1716 224 1749 nmen
234 1706 327 1762 vinoque
336 1707 407 1749 celent
416 1722 421 1747 :
431 1719 543 1761 annosque
552 1715 675 1762 precantur,

122 1784 181 1840 Quot
189 1790 278 1823 sumant
287 1780 387 1836 eradium
397 1781 426 1823 ad
435 1793 597 1835 numerumque
605 1780 692 1824 bibunt.

91 1854 191 1900 lnvenies
200 1853 255 1903 illie,
264 1853 301 1909 qui
312 1853 407 1896 Nestoris
417 1853 491 1896 ebibat
499 1866 567 1896 annos
576 1871 581 1895 ι

123 1930 175 1986 Qute
184 1927 213 1969 sit
221 1940 260 1983 per
268 1925 343 1969 calices
353 1926 410 1971 lecte
419 1926 499 1983 Sibylla
508 1940 566 1969 suos.

89 2001 139 2046 ulie
149 2009 278 2052 errantum,
288 1999 393 2055 quidquid
403 2000 496 2042 didicere
506 1999 605 2052 theatris;

121 2076 148 2118 Et
153 2072 239 2129 jnctnnt
248 2073 320 2116 fusiles
329 2074 356 2116 ud
365 2088 404 2116 sue
414 2075 478 2116 verbs
489 2088 580 2118 manus:

90 2149 120 2195 Et
128 2148 214 2190 ducunt
223 2147 292 2204 posito
301 2148 366 2189 dume
375 2157 456 2190 cratere
466 2147 566 2199 choreas,

122 2220 228 2278 Cultaque
237 2221 323 2265 diffusis
331 2222 395 2266 saltet
404 2221 476 2264 amica
484 2221 560 2264 onmis.
