<?xml version="1.0" encoding="UTF-8"?>
<!DOCTYPE html PUBLIC "-//W3C//DTD XHTML 1.0 Transitional//EN"
    "http://www.w3.org/TR/xhtml1/DTD/xhtml1-transitional.dtd">
<html xmlns="http://www.w3.org/1999/xhtml" xml:lang="en" lang="en">
 <head>
  <title>
</title>
<meta http-equiv="Content-Type" content="text/html;charset=utf-8" />
  <meta name='ocr-system' content='tesseract 3.04.00' />
  <meta name='ocr-capabilities' content='ocr_page ocr_carea ocr_par ocr_line ocrx_word'/>
</head>
<body>
  <div class='ocr_page' id='page_1' title='image "./opera01accugoog_0317.png"; bbox 0 0 1650 2584; ppageno 0'>
   <div class='ocr_carea' id='block_1_1' title="bbox 50 182 699 238">
    <p class='ocr_par' dir='ltr' id='par_1_1' title="bbox 50 182 699 238">
     <span class='ocr_line' id='line_1_1' title="bbox 50 182 699 238; baseline -0.012 -6"><span class='ocrx_word' id='word_1_1' title='bbox 50 204 73 232; x_wconf 85' lang='lat' dir='ltr'>v.</span> <span class='ocrx_word' id='word_1_2' title='bbox 89 190 141 232; x_wconf 81' lang='lat'>516.</span> <span class='ocrx_word' id='word_1_3' title='bbox 307 182 407 223; x_wconf 81' lang='lat' dir='ltr'>LIBER</span> <span class='ocrx_word' id='word_1_4' title='bbox 425 183 451 224; x_wconf 90' lang='lat' dir='ltr'>V.</span> <span class='ocrx_word' id='word_1_5' title='bbox 656 183 699 238; x_wconf 75' lang='lat'>3⁰9</span> 
     </span>
    </p>
   </div>
   <div class='ocr_carea' id='block_1_2' title="bbox 51 255 671 2175">
    <p class='ocr_par' dir='ltr' id='par_1_2' title="bbox 64 255 593 328">
     <span class='ocr_line' id='line_1_2' title="bbox 64 255 593 328; baseline -0.015 -8"><span class='ocrx_word' id='word_1_6' title='bbox 64 255 67 265; x_wconf 33' lang='lat' dir='ltr'>i</span> <span class='ocrx_word' id='word_1_7' title='bbox 85 275 203 325; x_wconf 85' lang='lat' dir='ltr'>lmmolat‚</span> <span class='ocrx_word' id='word_1_8' title='bbox 213 284 235 317; x_wconf 90' lang='lat' dir='ltr'>et</span> <span class='ocrx_word' id='word_1_9' title='bbox 243 285 324 328; x_wconf 69' lang='lat' dir='ltr'>magno</span> <span class='ocrx_word' id='word_1_10' title='bbox 335 281 402 314; x_wconf 85' lang='lat' dir='ltr'>torret</span> <span class='ocrx_word' id='word_1_11' title='bbox 410 271 434 313; x_wconf 90' lang='lat' dir='ltr'>in</span> <span class='ocrx_word' id='word_1_12' title='bbox 443 271 492 327; x_wconf 71' lang='lat' dir='ltr'>igne</span> <span class='ocrx_word' id='word_1_13' title='bbox 501 272 593 313; x_wconf 84' lang='lat' dir='ltr'>bovem:</span> 
     </span>
    </p>

    <p class='ocr_par' dir='ltr' id='par_1_3' title="bbox 51 342 634 468">
     <span class='ocr_line' id='line_1_3' title="bbox 51 342 634 411; baseline -0.015 -15"><span class='ocrx_word' id='word_1_14' title='bbox 51 354 154 411; x_wconf 69' lang='lat' dir='ltr'>Quaque</span> <span class='ocrx_word' id='word_1_15' title='bbox 163 362 217 406; x_wconf 84' lang='lat' dir='ltr'>puer</span> <span class='ocrx_word' id='word_1_16' title='bbox 226 342 337 403; x_wconf 83' lang='lat' dir='ltr'>quondam</span> <span class='ocrx_word' id='word_1_17' title='bbox 347 344 424 400; x_wconf 85' lang='lat' dir='ltr'>primis</span> <span class='ocrx_word' id='word_1_18' title='bbox 432 343 552 389; x_wconf 75' lang='lat' dir='ltr'><strong>diffuderat</strong></span> <span class='ocrx_word' id='word_1_19' title='bbox 560 344 634 395; x_wconf 85' lang='lat' dir='ltr'>annis,</span> 
     </span>
     <span class='ocr_line' id='line_1_4' title="bbox 85 419 486 468; baseline -0.022 0"><span class='ocrx_word' id='word_1_20' title='bbox 85 424 162 468; x_wconf 82' lang='lat' dir='ltr'>Prodit</span> <span class='ocrx_word' id='word_1_21' title='bbox 172 422 260 465; x_wconf 80' lang='lat' dir='ltr'>fumoso</span> <span class='ocrx_word' id='word_1_22' title='bbox 269 419 357 462; x_wconf 81' lang='lat' dir='ltr'>condito</span> <span class='ocrx_word' id='word_1_23' title='bbox 366 419 416 460; x_wconf 79' lang='lat' dir='ltr'>vina</span> <span class='ocrx_word' id='word_1_24' title='bbox 425 419 486 460; x_wconf 89' lang='lat' dir='ltr'>cado.</span> 
     </span>
    </p>

    <p class='ocr_par' dir='ltr' id='par_1_4' title="bbox 51 490 609 627">
     <span class='ocr_line' id='line_1_5' title="bbox 51 490 609 544; baseline -0.025 0"><span class='ocrx_word' id='word_1_25' title='bbox 51 503 102 544; x_wconf 86' lang='lat' dir='ltr'>Nec</span> <span class='ocrx_word' id='word_1_26' title='bbox 113 511 189 540; x_wconf 84' lang='lat' dir='ltr'>mora:</span> <span class='ocrx_word' id='word_1_27' title='bbox 200 494 329 538; x_wconf 85' lang='lat' dir='ltr'>flumineam</span> <span class='ocrx_word' id='word_1_28' title='bbox 338 492 383 534; x_wconf 89' lang='lat' dir='ltr'>lino</span> <span class='ocrx_word' id='word_1_29' title='bbox 392 491 513 533; x_wconf 75' lang='lat' dir='ltr'>celantibus</span> <span class='ocrx_word' id='word_1_30' title='bbox 523 490 609 541; x_wconf 71' lang='lat' dir='ltr'>ulrum,</span> 
     </span>
     <span class='ocr_line' id='line_1_6' title="bbox 86 560 543 627; baseline -0.022 -13"><span class='ocrx_word' id='word_1_31' title='bbox 86 573 121 614; x_wconf 86' lang='lat' dir='ltr'>Sic</span> <span class='ocrx_word' id='word_1_32' title='bbox 130 582 219 627; x_wconf 84' lang='lat' dir='ltr'>quoque</span> <span class='ocrx_word' id='word_1_33' title='bbox 228 580 273 609; x_wconf 90' lang='lat' dir='ltr'>non</span> <span class='ocrx_word' id='word_1_34' title='bbox 281 567 343 614; x_wconf 80' lang='lat' dir='ltr'>altis,</span> <span class='ocrx_word' id='word_1_35' title='bbox 353 564 473 607; x_wconf 83' lang='lat' dir='ltr'>incubuere</span> <span class='ocrx_word' id='word_1_36' title='bbox 483 560 543 605; x_wconf 80' lang='lat' dir='ltr'>torio.</span> 
     </span>
    </p>

    <p class='ocr_par' dir='ltr' id='par_1_5' title="bbox 53 636 609 769">
     <span class='ocr_line' id='line_1_7' title="bbox 53 636 609 698; baseline -0.023 -9"><span class='ocrx_word' id='word_1_37' title='bbox 53 648 125 689; x_wconf 85' lang='lat' dir='ltr'>Nunc</span> <span class='ocrx_word' id='word_1_38' title='bbox 134 645 200 698; x_wconf 79' lang='lat' dir='ltr'>dape.</span> <span class='ocrx_word' id='word_1_39' title='bbox 210 654 269 683; x_wconf 88' lang='lat' dir='ltr'>nunc</span> <span class='ocrx_word' id='word_1_40' title='bbox 279 639 349 695; x_wconf 79' lang='lat' dir='ltr'>posito</span> <span class='ocrx_word' id='word_1_41' title='bbox 359 650 439 681; x_wconf 70' lang='lat' dir='ltr'>mense</span> <span class='ocrx_word' id='word_1_42' title='bbox 448 636 532 677; x_wconf 81' lang='lat' dir='ltr'>nituere</span> <span class='ocrx_word' id='word_1_43' title='bbox 541 637 609 691; x_wconf 80' lang='lat' dir='ltr'>Lyaeo.</span> 
     </span>
     <span class='ocr_line' id='line_1_8' title="bbox 86 711 605 769; baseline -0.029 -7"><span class='ocrx_word' id='word_1_44' title='bbox 86 722 155 762; x_wconf 82' lang='lat' dir='ltr'>Terra</span> <span class='ocrx_word' id='word_1_45' title='bbox 166 718 245 759; x_wconf 81' lang='lat' dir='ltr'>rubens</span> <span class='ocrx_word' id='word_1_46' title='bbox 254 724 331 765; x_wconf 80' lang='lat' dir='ltr'>crater,</span> <span class='ocrx_word' id='word_1_47' title='bbox 341 712 421 769; x_wconf 87' lang='lat' dir='ltr'>pocula</span> <span class='ocrx_word' id='word_1_48' title='bbox 430 711 493 767; x_wconf 73' lang='lat' dir='ltr'>fagus</span> <span class='ocrx_word' id='word_1_49' title='bbox 501 719 570 753; x_wconf 76' lang='lat' dir='ltr'>erant</span> <span class='ocrx_word' id='word_1_50' title='bbox 602 740 605 747; x_wconf 87' lang='lat'><strong>.</strong></span> 
     </span>
    </p>

    <p class='ocr_par' dir='ltr' id='par_1_6' title="bbox 55 785 618 910">
     <span class='ocr_line' id='line_1_9' title="bbox 55 785 612 843; baseline -0.022 -6"><span class='ocrx_word' id='word_1_51' title='bbox 55 794 133 838; x_wconf 85' lang='lat' dir='ltr'>Verba</span> <span class='ocrx_word' id='word_1_52' title='bbox 143 791 204 834; x_wconf 80' lang='lat' dir='ltr'>fuere</span> <span class='ocrx_word' id='word_1_53' title='bbox 211 789 281 832; x_wconf 79' lang='lat' dir='ltr'>lovis:</span> <span class='ocrx_word' id='word_1_54' title='bbox 291 788 313 830; x_wconf 89' lang='lat' dir='ltr'>Si</span> <span class='ocrx_word' id='word_1_55' title='bbox 321 788 375 843; x_wconf 88' lang='lat' dir='ltr'>qnid</span> <span class='ocrx_word' id='word_1_56' title='bbox 384 785 428 828; x_wconf 84' lang='lat' dir='ltr'>lert</span> <span class='ocrx_word' id='word_1_57' title='bbox 436 785 542 841; x_wconf 80' lang='lat' dir='ltr'>impetus,</span> <span class='ocrx_word' id='word_1_58' title='bbox 552 792 612 839; x_wconf 82' lang='lat' dir='ltr'>opta;</span> 
     </span>
     <span class='ocr_line' id='line_1_10' title="bbox 90 846 618 910; baseline -0.025 -1"><span class='ocrx_word' id='word_1_59' title='bbox 90 869 161 910; x_wconf 85' lang='lat' dir='ltr'>Omne</span> <span class='ocrx_word' id='word_1_60' title='bbox 170 865 232 908; x_wconf 82' lang='lat' dir='ltr'>feres.</span> <span class='ocrx_word' id='word_1_61' title='bbox 241 863 320 905; x_wconf 76' lang='lat' dir='ltr'>Placidi</span> <span class='ocrx_word' id='word_1_62' title='bbox 329 862 395 903; x_wconf 83' lang='lat' dir='ltr'>verba</span> <span class='ocrx_word' id='word_1_63' title='bbox 404 846 466 903; x_wconf 80' lang='lat' dir='ltr'>fuere</span> <span class='ocrx_word' id='word_1_64' title='bbox 475 857 531 902; x_wconf 77' lang='lat' dir='ltr'>tonis</span> <span class='ocrx_word' id='word_1_65' title='bbox 539 872 544 898; x_wconf 74' lang='grc' dir='ltr'><strong><em>ι</em></strong></span> <span class='ocrx_word' id='word_1_66' title='bbox 615 891 618 896; x_wconf 95' lang='lat'>.</span> 
     </span>
    </p>

    <p class='ocr_par' dir='ltr' id='par_1_7' title="bbox 58 929 601 1071">
     <span class='ocr_line' id='line_1_11' title="bbox 58 929 587 993; baseline -0.023 -10"><span class='ocrx_word' id='word_1_67' title='bbox 58 943 117 984; x_wconf 77' lang='lat' dir='ltr'>cara</span> <span class='ocrx_word' id='word_1_68' title='bbox 126 938 169 981; x_wconf 82' lang='lat' dir='ltr'>fuit</span> <span class='ocrx_word' id='word_1_69' title='bbox 177 936 269 993; x_wconf 80' lang='lat' dir='ltr'>conjux,</span> <span class='ocrx_word' id='word_1_70' title='bbox 279 936 355 991; x_wconf 81' lang='lat' dir='ltr'>primae</span> <span class='ocrx_word' id='word_1_71' title='bbox 366 933 420 976; x_wconf 89' lang='lat' dir='ltr'>mihi</span> <span class='ocrx_word' id='word_1_72' title='bbox 430 946 483 975; x_wconf 85' lang='lat' dir='ltr'>eura</span> <span class='ocrx_word' id='word_1_73' title='bbox 489 929 587 987; x_wconf 72' lang='lat' dir='ltr'>juventa</span> 
     </span>
     <span class='ocr_line' id='line_1_12' title="bbox 91 1005 601 1071; baseline -0.024 -13"><span class='ocrx_word' id='word_1_74' title='bbox 91 1014 196 1071; x_wconf 73' lang='lat' dir='ltr'>Cognita:</span> <span class='ocrx_word' id='word_1_75' title='bbox 206 1026 265 1055; x_wconf 86' lang='lat' dir='ltr'>nnnc</span> <span class='ocrx_word' id='word_1_76' title='bbox 275 1011 313 1053; x_wconf 85' lang='lat' dir='ltr'>nbi</span> <span class='ocrx_word' id='word_1_77' title='bbox 323 1010 351 1053; x_wconf 86' lang='lat' dir='ltr'>sit</span> <span class='ocrx_word' id='word_1_78' title='bbox 359 1008 468 1066; x_wconf 70' lang='lat' dir='ltr'>queritis?</span> <span class='ocrx_word' id='word_1_79' title='bbox 478 1020 534 1050; x_wconf 87' lang='lat' dir='ltr'>urna</span> <span class='ocrx_word' id='word_1_80' title='bbox 542 1005 601 1061; x_wconf 71' lang='lat' dir='ltr'>tegit.</span> 
     </span>
    </p>

    <p class='ocr_par' dir='ltr' id='par_1_8' title="bbox 61 1081 551 1216">
     <span class='ocr_line' id='line_1_13' title="bbox 61 1081 551 1143; baseline -0.016 -10"><span class='ocrx_word' id='word_1_81' title='bbox 61 1090 118 1134; x_wconf 84' lang='lat' dir='ltr'>lluie</span> <span class='ocrx_word' id='word_1_82' title='bbox 127 1101 166 1143; x_wconf 73' lang='lat' dir='ltr'>ego</span> <span class='ocrx_word' id='word_1_83' title='bbox 172 1086 272 1143; x_wconf 74' lang='lat' dir='ltr'>jurante,</span> <span class='ocrx_word' id='word_1_84' title='bbox 281 1085 342 1127; x_wconf 79' lang='lat' dir='ltr'>vobis</span> <span class='ocrx_word' id='word_1_85' title='bbox 351 1085 374 1127; x_wconf 91' lang='lat' dir='ltr'>in</span> <span class='ocrx_word' id='word_1_86' title='bbox 384 1084 449 1126; x_wconf 83' lang='lat' dir='ltr'>verba</span> <span class='ocrx_word' id='word_1_87' title='bbox 459 1081 551 1132; x_wconf 70' lang='lat' dir='ltr'>vocant,</span> 
     </span>
     <span class='ocr_line' id='line_1_14' title="bbox 92 1157 479 1216; baseline -0.016 -12"><span class='ocrx_word' id='word_1_88' title='bbox 92 1161 210 1216; x_wconf 63' lang='lat' dir='ltr'>conjuffl&#39;o.</span> <span class='ocrx_word' id='word_1_89' title='bbox 220 1159 275 1207; x_wconf 80' lang='lat' dir='ltr'>dixi,</span> <span class='ocrx_word' id='word_1_90' title='bbox 284 1159 330 1201; x_wconf 77' lang='lat' dir='ltr'>sola</span> <span class='ocrx_word' id='word_1_91' title='bbox 340 1157 412 1200; x_wconf 76' lang='lat' dir='ltr'>fruere</span> <span class='ocrx_word' id='word_1_92' title='bbox 422 1169 479 1199; x_wconf 85' lang='lat' dir='ltr'>meo.</span> 
     </span>
    </p>

    <p class='ocr_par' dir='ltr' id='par_1_9' title="bbox 62 1229 671 1364">
     <span class='ocr_line' id='line_1_15' title="bbox 62 1229 671 1284; baseline -0.021 -2"><span class='ocrx_word' id='word_1_93' title='bbox 62 1240 89 1282; x_wconf 87' lang='lat' dir='ltr'>Et</span> <span class='ocrx_word' id='word_1_94' title='bbox 99 1235 154 1284; x_wconf 76' lang='lat' dir='ltr'>dixi,</span> <span class='ocrx_word' id='word_1_95' title='bbox 163 1244 185 1277; x_wconf 91' lang='lat' dir='ltr'>et</span> <span class='ocrx_word' id='word_1_96' title='bbox 193 1246 264 1283; x_wconf 62' lang='lat' dir='ltr'>servm</span> <span class='ocrx_word' id='word_1_97' title='bbox 274 1234 311 1278; x_wconf 75' lang='lat' dir='ltr'>sed</span> <span class='ocrx_word' id='word_1_98' title='bbox 320 1233 380 1275; x_wconf 87' lang='lat' dir='ltr'>enim</span> <span class='ocrx_word' id='word_1_99' title='bbox 389 1233 473 1275; x_wconf 78' lang='lat' dir='ltr'>diretta</span> <span class='ocrx_word' id='word_1_100' title='bbox 483 1229 582 1272; x_wconf 77' lang='lat' dir='ltr'>volimus</span> <span class='ocrx_word' id='word_1_101' title='bbox 668 1252 671 1256; x_wconf 33' lang='grc' dir='ltr'><em>ι</em></span> 
     </span>
     <span class='ocr_line' id='line_1_16' title="bbox 93 1302 577 1364; baseline -0.019 -11"><span class='ocrx_word' id='word_1_102' title='bbox 93 1312 131 1353; x_wconf 83' lang='lat' dir='ltr'>Est</span> <span class='ocrx_word' id='word_1_103' title='bbox 139 1309 206 1358; x_wconf 81' lang='lat' dir='ltr'>mihi:</span> <span class='ocrx_word' id='word_1_104' title='bbox 216 1321 256 1350; x_wconf 86' lang='lat' dir='ltr'>nee</span> <span class='ocrx_word' id='word_1_105' title='bbox 264 1307 355 1364; x_wconf 80' lang='lat' dir='ltr'>conjux,</span> <span class='ocrx_word' id='word_1_106' title='bbox 366 1318 388 1349; x_wconf 82' lang='lat' dir='ltr'>et</span> <span class='ocrx_word' id='word_1_107' title='bbox 396 1316 458 1361; x_wconf 85' lang='lat' dir='ltr'>pater</span> <span class='ocrx_word' id='word_1_108' title='bbox 467 1318 512 1347; x_wconf 80' lang='lat' dir='ltr'>esre</span> <span class='ocrx_word' id='word_1_109' title='bbox 522 1302 577 1345; x_wconf 82' lang='lat' dir='ltr'>volo.</span> 
     </span>
    </p>

    <p class='ocr_par' dir='ltr' id='par_1_10' title="bbox 64 1377 588 1502">
     <span class='ocr_line' id='line_1_17' title="bbox 64 1377 588 1433; baseline -0.021 -5"><span class='ocrx_word' id='word_1_110' title='bbox 64 1385 191 1429; x_wconf 64' lang='lat' dir='ltr'>adnuerant</span> <span class='ocrx_word' id='word_1_111' title='bbox 200 1393 289 1423; x_wconf 81' lang='lat' dir='ltr'>omnes:</span> <span class='ocrx_word' id='word_1_112' title='bbox 300 1390 376 1421; x_wconf 73' lang='lat' dir='ltr'>omnes</span> <span class='ocrx_word' id='word_1_113' title='bbox 385 1380 413 1420; x_wconf 88' lang='lat' dir='ltr'>ad</span> <span class='ocrx_word' id='word_1_114' title='bbox 423 1388 482 1433; x_wconf 66' lang='lat' dir='ltr'>terga</span> <span class='ocrx_word' id='word_1_115' title='bbox 488 1377 588 1433; x_wconf 69' lang='lat' dir='ltr'>juvence</span> 
     </span>
     <span class='ocr_line' id='line_1_18' title="bbox 95 1447 556 1502; baseline -0.017 -5"><span class='ocrx_word' id='word_1_116' title='bbox 95 1455 246 1497; x_wconf 78' lang='lat' dir='ltr'>Constiterant.</span> <span class='ocrx_word' id='word_1_117' title='bbox 256 1453 327 1494; x_wconf 84' lang='lat' dir='ltr'>Pudor</span> <span class='ocrx_word' id='word_1_118' title='bbox 335 1462 368 1493; x_wconf 85' lang='lat' dir='ltr'>est</span> <span class='ocrx_word' id='word_1_119' title='bbox 377 1450 481 1492; x_wconf 78' lang='lat' dir='ltr'>ulteriora</span> <span class='ocrx_word' id='word_1_120' title='bbox 489 1447 556 1502; x_wconf 89' lang='lat' dir='ltr'>loqui.</span> 
     </span>
    </p>

    <p class='ocr_par' dir='ltr' id='par_1_11' title="bbox 65 1522 602 1657">
     <span class='ocr_line' id='line_1_19' title="bbox 65 1522 548 1583; baseline -0.023 -10"><span class='ocrx_word' id='word_1_121' title='bbox 65 1532 123 1574; x_wconf 87' lang='lat' dir='ltr'>Tum</span> <span class='ocrx_word' id='word_1_122' title='bbox 133 1525 277 1583; x_wconf 83' lang='lat' dir='ltr'>superinjecta</span> <span class='ocrx_word' id='word_1_123' title='bbox 286 1535 356 1567; x_wconf 81' lang='lat' dir='ltr'>texere</span> <span class='ocrx_word' id='word_1_124' title='bbox 366 1522 476 1566; x_wconf 85' lang='lat' dir='ltr'>madentia</span> <span class='ocrx_word' id='word_1_125' title='bbox 486 1531 548 1564; x_wconf 86' lang='lat' dir='ltr'>term.</span> 
     </span>
     <span class='ocr_line' id='line_1_20' title="bbox 96 1602 602 1657; baseline -0.022 -11"><span class='ocrx_word' id='word_1_126' title='bbox 96 1606 187 1657; x_wconf 79' lang='lat' dir='ltr'>Jamque</span> <span class='ocrx_word' id='word_1_127' title='bbox 196 1602 271 1643; x_wconf 87' lang='lat' dir='ltr'>decem</span> <span class='ocrx_word' id='word_1_128' title='bbox 281 1612 375 1646; x_wconf 55' lang='lat' dir='ltr'>mensem</span> <span class='ocrx_word' id='word_1_129' title='bbox 386 1606 408 1640; x_wconf 87' lang='lat' dir='ltr'>et</span> <span class='ocrx_word' id='word_1_130' title='bbox 417 1609 471 1652; x_wconf 85' lang='lat' dir='ltr'>puer</span> <span class='ocrx_word' id='word_1_131' title='bbox 480 1604 541 1636; x_wconf 77' lang='lat' dir='ltr'>ortus</span> <span class='ocrx_word' id='word_1_132' title='bbox 550 1602 602 1636; x_wconf 86' lang='lat' dir='ltr'>erat.</span> 
     </span>
    </p>

    <p class='ocr_par' dir='ltr' id='par_1_12' title="bbox 67 1668 611 1802">
     <span class='ocr_line' id='line_1_21' title="bbox 67 1668 611 1734; baseline -0.026 -11"><span class='ocrx_word' id='word_1_133' title='bbox 67 1682 129 1723; x_wconf 83' lang='lat' dir='ltr'>llunc</span> <span class='ocrx_word' id='word_1_134' title='bbox 139 1676 239 1734; x_wconf 75' lang='lat' dir='ltr'>ilyricue,</span> <span class='ocrx_word' id='word_1_135' title='bbox 248 1674 300 1730; x_wconf 85' lang='lat' dir='ltr'>quia</span> <span class='ocrx_word' id='word_1_136' title='bbox 309 1672 339 1715; x_wconf 80' lang='lat' dir='ltr'>sic</span> <span class='ocrx_word' id='word_1_137' title='bbox 349 1671 445 1728; x_wconf 73' lang='lat' dir='ltr'>genitus,</span> <span class='ocrx_word' id='word_1_138' title='bbox 455 1680 517 1711; x_wconf 79' lang='lat' dir='ltr'>vocnt</span> <span class='ocrx_word' id='word_1_139' title='bbox 525 1668 611 1711; x_wconf 85' lang='lat' dir='ltr'>Uriona.</span> 
     </span>
     <span class='ocr_line' id='line_1_22' title="bbox 97 1744 562 1802; baseline -0.022 -10"><span class='ocrx_word' id='word_1_140' title='bbox 97 1749 189 1792; x_wconf 84' lang='lat' dir='ltr'>Perdidit</span> <span class='ocrx_word' id='word_1_141' title='bbox 197 1747 314 1802; x_wconf 86' lang='lat' dir='ltr'>antiquum</span> <span class='ocrx_word' id='word_1_142' title='bbox 324 1745 386 1793; x_wconf 84' lang='lat' dir='ltr'>litera</span> <span class='ocrx_word' id='word_1_143' title='bbox 395 1744 466 1798; x_wconf 85' lang='lat' dir='ltr'>prima</span> <span class='ocrx_word' id='word_1_144' title='bbox 475 1755 562 1783; x_wconf 83' lang='lat' dir='ltr'>sonum.</span> 
     </span>
    </p>

    <p class='ocr_par' dir='ltr' id='par_1_13' title="bbox 67 1814 647 1944">
     <span class='ocr_line' id='line_1_23' title="bbox 67 1814 647 1869; baseline -0.019 0"><span class='ocrx_word' id='word_1_145' title='bbox 67 1827 167 1869; x_wconf 82' lang='lat' dir='ltr'>Creverat</span> <span class='ocrx_word' id='word_1_146' title='bbox 176 1823 322 1865; x_wconf 83' lang='lat' dir='ltr'>immensum:</span> <span class='ocrx_word' id='word_1_147' title='bbox 331 1818 436 1861; x_wconf 86' lang='lat' dir='ltr'>comitem</span> <span class='ocrx_word' id='word_1_148' title='bbox 445 1816 487 1858; x_wconf 82' lang='lat' dir='ltr'>sibi</span> <span class='ocrx_word' id='word_1_149' title='bbox 497 1815 554 1858; x_wconf 82' lang='lat' dir='ltr'>Delia</span> <span class='ocrx_word' id='word_1_150' title='bbox 562 1814 647 1858; x_wconf 70' lang='lat' dir='ltr'>sumsit.</span> 
     </span>
     <span class='ocr_line' id='line_1_24' title="bbox 98 1890 482 1944; baseline -0.021 -5"><span class='ocrx_word' id='word_1_151' title='bbox 98 1897 135 1939; x_wconf 85' lang='lat' dir='ltr'>llle</span> <span class='ocrx_word' id='word_1_152' title='bbox 145 1900 189 1938; x_wconf 78' lang='lat' dir='ltr'>lleae</span> <span class='ocrx_word' id='word_1_153' title='bbox 198 1905 282 1944; x_wconf 77' lang='lat' dir='ltr'>eustos,</span> <span class='ocrx_word' id='word_1_154' title='bbox 292 1893 327 1935; x_wconf 88' lang='lat' dir='ltr'>illc</span> <span class='ocrx_word' id='word_1_155' title='bbox 336 1890 420 1934; x_wconf 77' lang='lat' dir='ltr'>satelles</span> <span class='ocrx_word' id='word_1_156' title='bbox 429 1898 482 1933; x_wconf 86' lang='lat' dir='ltr'>erat.</span> 
     </span>
    </p>

    <p class='ocr_par' dir='ltr' id='par_1_14' title="bbox 68 1964 647 2103">
     <span class='ocr_line' id='line_1_25' title="bbox 68 1964 619 2019; baseline -0.024 -2"><span class='ocrx_word' id='word_1_157' title='bbox 68 1972 140 2017; x_wconf 87' lang='lat' dir='ltr'>Verba</span> <span class='ocrx_word' id='word_1_158' title='bbox 149 1980 237 2013; x_wconf 82' lang='lat' dir='ltr'>movent</span> <span class='ocrx_word' id='word_1_159' title='bbox 246 1969 288 2010; x_wconf 79' lang='lat' dir='ltr'>iras</span> <span class='ocrx_word' id='word_1_160' title='bbox 298 1981 342 2009; x_wconf 87' lang='lat' dir='ltr'>non</span> <span class='ocrx_word' id='word_1_161' title='bbox 352 1966 509 2019; x_wconf 80' lang='lat' dir='ltr'>circumspecte</span> <span class='ocrx_word' id='word_1_162' title='bbox 518 1964 619 2005; x_wconf 78' lang='lat' dir='ltr'>Deorum.</span> 
     </span>
     <span class='ocr_line' id='line_1_26' title="bbox 97 2035 647 2103; baseline -0.02 -16"><span class='ocrx_word' id='word_1_163' title='bbox 97 2047 167 2103; x_wconf 75' lang='lat' dir='ltr'>Quam</span> <span class='ocrx_word' id='word_1_164' title='bbox 177 2056 296 2098; x_wconf 76' lang='lat' dir='ltr'>nequeam,</span> <span class='ocrx_word' id='word_1_165' title='bbox 304 2039 369 2090; x_wconf 82' lang='lat' dir='ltr'>dixit,</span> <span class='ocrx_word' id='word_1_166' title='bbox 379 2039 476 2086; x_wconf 79' lang='lat' dir='ltr'>vincere,</span> <span class='ocrx_word' id='word_1_167' title='bbox 486 2035 546 2079; x_wconf 84' lang='lat' dir='ltr'>nulla</span> <span class='ocrx_word' id='word_1_168' title='bbox 555 2035 600 2080; x_wconf 79' lang='lat' dir='ltr'>iera</span> <span class='ocrx_word' id='word_1_169' title='bbox 609 2044 647 2078; x_wconf 76' lang='lat' dir='ltr'>eat.</span> 
     </span>
    </p>

    <p class='ocr_par' dir='ltr' id='par_1_15' title="bbox 68 2110 553 2175">
     <span class='ocr_line' id='line_1_27' title="bbox 68 2110 553 2175; baseline -0.025 -11"><span class='ocrx_word' id='word_1_170' title='bbox 68 2118 170 2175; x_wconf 82' lang='lat' dir='ltr'>Scorpion</span> <span class='ocrx_word' id='word_1_171' title='bbox 179 2115 271 2159; x_wconf 74' lang='lat' dir='ltr'>immitit</span> <span class='ocrx_word' id='word_1_172' title='bbox 280 2113 350 2158; x_wconf 79' lang='lat' dir='ltr'>tellus.</span> <span class='ocrx_word' id='word_1_173' title='bbox 358 2115 374 2156; x_wconf 70' lang='grc' dir='ltr'><strong>Ε</strong></span> <span class='ocrx_word' id='word_1_174' title='bbox 376 2113 410 2156; x_wconf 82' lang='lat' dir='ltr'>trit</span> <span class='ocrx_word' id='word_1_175' title='bbox 419 2112 514 2168; x_wconf 74' lang='lat' dir='ltr'>impetur</span> <span class='ocrx_word' id='word_1_176' title='bbox 523 2110 553 2153; x_wconf 87' lang='lat' dir='ltr'>illi</span> 
     </span>
    </p>
   </div>
   <div class='ocr_carea' id='block_1_3' title="bbox 0 0 856 2584">
    <p class='ocr_par' dir='ltr' id='par_1_16' title="bbox 0 0 856 2584">
     <span class='ocr_line' id='line_1_28' title="bbox 0 0 856 2584; baseline 0 0"><span class='ocrx_word' id='word_1_177' title='bbox 0 0 856 2584; x_wconf 95' lang='lat' dir='ltr'> </span> 
     </span>
    </p>
   </div>
  </div>
 </body>
</html>
