1650 2584
66 219 147 273 v.694.
234 216 391 259 REMEDIA
408 216 547 261 AMORIS.
672 236 711 278 ¹29

95 308 141 348 Nec
150 305 198 356 dic,
207 306 261 361 quid
271 304 355 356 doleas;
365 305 423 348 ciam
434 316 506 350 tamen
516 322 584 365 usque
593 309 648 352 dole.
665 333 667 338 ·

65 381 110 423 Nec
119 389 210 436 peccata
220 378 289 430 τοίου
299 393 327 421 ne
336 379 412 422 diluat.
423 382 470 436 Ipse
480 380 572 432 favebis,

92 455 120 496 Ut
130 452 210 495 melior
219 466 285 494 causa
294 466 360 494 cansa
368 453 396 494 sit
406 452 443 496 itta
453 463 498 496 tua.

64 528 105 585 Qui
114 527 177 578 silet,
186 537 219 570 est
228 527 320 569 firmus:
330 527 369 582 qui
378 527 431 570 dicit
441 529 511 572 multa
519 529 595 587 puella

90 604 185 651 Probra,
194 600 295 643 satisfieri
305 601 400 657 postulat
409 602 444 645 ille
454 602 502 646 sibi.

63 678 112 719 Non
120 691 163 733 ego
172 676 273 718 Dulichio
283 676 371 719 furiales
380 691 441 720 mare
450 679 548 735 sagittas,

90 751 135 792 Nec
146 749 234 805 rapidas
244 749 315 791 ausim
325 749 407 805 tingere
416 751 439 792 in
448 765 513 794 amne
523 752 587 796 faces.

63 824 106 866 Nec
115 838 157 866 nos
167 836 289 879 purpureas
299 825 361 879 pueri
371 825 517 868 resecabimus
526 826 583 869 alas:

91 900 136 939 Nec
145 909 208 939 sacer
216 906 263 939 arte
272 910 321 938 mea
330 896 398 939 laxior
406 912 470 942 arcus
479 900 526 943 erit.

61 970 183 1014 Consilium
193 979 238 1020 cst,
247 970 394 1026 quodcunque
404 985 466 1014 cano.
476 975 550 1015 Parate
562 974 660 1017 canenti:

89 1047 161 1100 thue
170 1043 236 1094 tacis,
246 1042 331 1099 creptis,
340 1043 418 1086 Phoebe
426 1043 525 1096 saluber,
535 1048 592 1089 ades.

60 1119 153 1161 Phoebus
162 1120 236 1161 adest:
246 1132 338 1161 sonuere
346 1118 407 1175 lyrae3
419 1133 511 1162 sonuere
519 1121 631 1176 pharetra.

90 1194 155 1250 Signa
165 1196 235 1236 Deum
245 1208 311 1237 nosco
320 1208 359 1250 per
368 1208 420 1236 sua:
430 1195 522 1238 Phoebus
532 1196 598 1240 adeat.

63 1269 144 1312 constr
153 1267 266 1326 Amyclaeis
276 1269 410 1312 medicatum
420 1270 488 1313 vellus
496 1271 570 1315 ahenis

90 1344 174 1389 Murice
184 1358 236 1387 curn
246 1344 323 1401 Tyrio:
334 1345 420 1401 turpius
430 1345 540 1389 illuderit.

62 1420 106 1460 Vos
114 1432 205 1474 quoque
214 1416 317 1459 formosis
326 1427 405 1460 vestras
414 1419 512 1462 conferte
520 1420 613 1476 puellas.¹

89 1490 182 1546 Incipiet
191 1489 286 1532 domina
295 1504 405 1546 quemque
413 1493 495 1547 pudere
505 1505 555 1536 tute.

61 1566 157 1621 Utraque
165 1563 268 1606 formosa
277 1563 345 1605 Paridi
355 1574 445 1620 potuere
453 1566 531 1617 videri;

89 1638 131 1681 Sed
140 1637 182 1680 sibi
191 1636 294 1679 collatam
303 1636 354 1680 vicit
363 1647 479 1694 utramque
488 1640 569 1683 Venus.

61 1712 106 1755 Nee
115 1711 185 1755 solam
197 1710 289 1760 taciem,
299 1724 370 1753 mores
379 1726 467 1769 quoque
477 1714 553 1757 confer
561 1699 659 1759 et'artes:

90 1788 189 1829 Tantum
196 1784 282 1841 judicio
292 1799 320 1827 ne
329 1794 380 1827 tuus
390 1786 447 1828 obsit
456 1799 524 1829 amor.

61 1860 170 1915 Exiguum
180 1868 224 1908 est,
234 1858 294 1913 qued
304 1857 381 1900 deinde
390 1872 481 1901 canam:
491 1860 529 1902 sed
537 1860 620 1917 profuit
629 1862 684 1906 illud

89 1933 199 1990 Exiguum
209 1931 296 1981 multis,
307 1932 329 1974 in
338 1932 419 1988 quibus
428 1932 473 1989 ipse
483 1933 522 1976 fui.

59 2007 143 2063 Scripta
153 2020 206 2048 cave
215 2005 296 2061 relegas
305 2005 389 2049 blanda
398 2017 482 2050 servata
491 2008 577 2064 puellae:

88 2082 219 2124 Constantes
229 2079 314 2121 animos
324 2080 403 2135 scripta
414 2080 492 2124 relecta
500 2093 595 2127 movent.

60 2155 138 2197 Omnia
148 2167 206 2211 pone
216 2151 285 2203 ieros,
295 2153 394 2208 quamvis
403 2153 496 2207 invitus,
505 2155 528 2198 in
537 2156 609 2213 ignea:

86 2228 112 2269 Et
121 2226 168 2279 die,
177 2224 267 2269 Ardoris
276 2224 304 2268 sit
313 2238 378 2281 rogus
388 2224 428 2268 iste
437 2225 487 2268 mei.
