1650 2584
125 206 149 247 18
288 202 388 246 aaals
406 205 593 255 AMAToata
682 209 765 264 maha.

121 297 185 338 Forte
194 295 235 338 sub
244 296 353 338 umbrosis
363 310 483 339 nemorosae
493 296 585 339 vallibus
595 298 637 340 Idae

150 369 270 419 Candidus,
280 370 373 412 armenti
384 370 463 426 gioria,
474 381 550 412 taurus
559 380 616 421 erat;

120 442 219 497 Signatus
229 442 288 485 tenui
299 443 370 485 media
379 443 436 486 inter
445 456 527 484 cornua
537 442 605 499 nigro.

151 520 197 559 Una
207 517 250 560 fuit
259 517 328 565 labes;
338 527 408 560 cetera
418 517 479 560 iactis
489 527 556 561 erent.

121 590 186 633 ntum
195 589 353 645 Cnosiadesque
362 591 510 646 Cydoneaeque
516 588 616 646 juvence

151 667 259 719 Opurunt
268 673 328 718 tergo
337 663 464 705 sustinuisse
474 677 521 705 suo.

121 737 223 793 Pasiphae
234 737 279 778 fieri
289 737 398 792 gaudebat
407 736 506 778 adultera
516 735 586 778 tauri:

151 810 224 864 invida
235 809 342 852 formosas
351 810 426 853 oderat
435 809 472 851 illa
481 810 552 851 boves.

121 885 179 925 Nota
188 897 249 924 cano.
260 884 309 924 Non
319 883 371 933 hoc,
381 892 469 924 centum
480 896 527 937 que
536 882 629 926 sustinet
639 884 715 935 urbes,

151 955 254 1014 Quamvis
263 955 290 996 sit
301 955 403 1004 mendax,
413 957 475 998 Creta
485 968 562 1009 negare
571 965 650 1010 potest.

122 1033 170 1087 Ipsa
180 1043 245 1071 novas
256 1027 354 1078 frondes,
364 1038 385 1070 et
394 1038 456 1083 prata
467 1027 594 1079 tenerrima,
605 1039 670 1072 tauro

149 1105 225 1146 Fertur
235 1103 346 1144 inadsueta
356 1101 490 1143 subsecuisse
500 1115 575 1143 manu.

121 1181 141 1221 It
150 1192 222 1221 comes
232 1177 346 1228 armenhs3
356 1190 396 1217 nec
405 1176 486 1218 ituram
497 1189 549 1218 cura
559 1186 660 1220 moratur

149 1253 264 1309 eonjugis:
275 1262 296 1294 et
306 1251 374 1294 Minos
384 1265 397 1292 a
407 1252 461 1292 bove
471 1250 539 1293 vietus
549 1260 602 1294 erat.

121 1329 169 1384 Quo
180 1327 229 1377 tihi,
241 1326 353 1381 Pasiphae,
362 1325 466 1381 pretiosas
476 1322 563 1366 sumere
574 1329 654 1367 vestes?

132 1437 134 1442 .
150 1406 190 1444 Iste
200 1410 251 1444 tuus
260 1400 331 1442 nullas
340 1399 405 1441 sentit
414 1398 501 1440 adulter·
508 1410 565 1454 opes,

119 1477 176 1534 Quid
187 1476 225 1519 tibi
235 1489 285 1517 cum
296 1474 383 1530 speculo
393 1482 498 1514 montana
507 1480 607 1514 armenta
616 1473 712 1527 petenti?

148 1552 205 1609 Quid
217 1551 278 1593 toties
288 1549 368 1606 positas
378 1548 452 1603 fingis.
462 1548 547 1603 inepta,
557 1552 644 1589 comus?

119 1624 185 1666 Caede
196 1633 268 1665 tamen
277 1621 377 1677 speculo,
386 1620 445 1676 quod
456 1630 476 1662 te
487 1628 550 1674 negat
560 1632 605 1660 esse
610 1617 736 1675 juvencam.

148 1699 219 1754 Quam
229 1709 317 1751 cuperes
327 1694 393 1737 fronti
404 1707 488 1736 cornua
498 1702 548 1735 nata
560 1694 614 1735 tuae!

119 1770 165 1812 Sive
175 1770 245 1825 piacet
254 1768 332 1817 Minos3
344 1767 417 1809 nuilus
426 1776 536 1822 queratur
544 1764 643 1807 adulter:

148 1842 194 1883 Sive
205 1841 276 1882 virum
287 1839 354 1880 mavis
364 1839 448 1888 fallere3
459 1837 509 1880 falle
519 1837 571 1879 viro.

118 1917 143 1957 ln
154 1927 231 1956 nemus
240 1923 262 1954 et
271 1910 337 1953 saltus
347 1910 445 1953 thalamo
454 1911 527 1966 regina
536 1908 611 1952 relicto

148 1989 229 2034 Fertur,
241 1994 265 2026 ut
274 1982 342 2025 Aonio
350 1983 435 2026 concita
445 1985 526 2025 Baccha
535 1984 586 2024 Deo.

118 2059 150 2103 Ah
159 2057 243 2113 quoties
254 2068 341 2097 vaccam
350 2055 412 2098 vultu
421 2056 524 2113 spectavit
532 2055 621 2110 iniquo,

147 2133 172 2173 Et
181 2129 245 2178 dixit,
255 2128 347 2171 Domino
356 2142 396 2170 eur
405 2129 474 2185 piacet
484 2130 524 2172 ista
535 2131 597 2171 meo!

116 2202 217 2259 Adspice,
228 2210 252 2244 ut
261 2210 311 2244 ante
320 2201 393 2256 ipsum
403 2203 481 2245 teneris
490 2202 582 2246 exsultet
591 2201 697 2246 inberbis
706 2220 711 2246 :
