1650 2584
28 136 31 142 Ι
86 187 106 215 v.
118 174 170 228 619.
324 170 425 213 attan
443 170 492 212 lll.
685 172 726 214 235

88 263 122 305 Ne
132 259 188 303 refer
198 277 203 303 ι
213 259 299 316 adspexi
308 272 354 302 non
363 259 400 301 illo
409 268 496 315 pectore
505 259 570 315 digna
611 316 613 320 λ
640 257 643 263 “

117 333 226 384 Vulnera,
235 335 346 376 Tartareas
355 345 422 376 ausus
430 333 490 376 adire
498 334 583 377 domas,

87 410 115 451 At
124 416 161 456 tu,
171 420 209 449 seu
219 407 274 449 ratio
283 415 303 448 te
313 405 392 448 nostris
401 405 486 462 adpulit
495 406 550 455 oria,

118 480 165 523 Sive
174 481 241 530 Deus;
251 479 310 540 regni
321 479 439 521 commoda
447 492 512 535 carpe
521 479 572 522 mei.

87 552 158 597 Multa
167 553 206 596 tibi
216 566 335 604 memores,
344 553 375 596 nil
384 567 429 595 non
438 540 543 597 debemus
554 554 635 598 Elissa:

118 627 214 669 Nomine
222 636 282 681 grata
292 637 342 675 tuo,
352 636 412 682 grata
422 627 512 675 sororis,
522 627 570 670 eris.

86 699 150 743 Talia
159 699 239 743 dicenti
248 699 332 755 (neque
342 700 400 742 enim
410 714 458 755 spes
467 700 534 743 altera
543 700 622 758 restat)

118 773 225 823 Credidit;
234 786 317 815 errores
326 774 467 828 exposuitque
476 787 534 815 suos.

88 848 160 901 thue
170 846 262 888 domum
272 845 360 888 intravit
369 845 444 901 Tyrios
453 845 528 888 induta
538 856 637 901 paratus,

119 918 198 974 Incipit
208 922 293 961 AEneas:
303 927 375 960 cetera
384 918 449 960 turba
458 917 511 961 silet

88 995 148 1036 lianc
157 992 197 1035 tibi
206 1005 246 1035 cur
255 993 351 1040 tradam,
361 992 395 1048 pia
406 1007 482 1042 causa,
492 992 579 1036 Lavinia
588 993 680 1051 conjux,

119 1067 155 1108 Fst
164 1066 218 1108 milri
227 1081 231 1106 :
241 1066 351 1109 eonsumsi
361 1065 481 1122 naufragus
489 1067 556 1122 liujus
566 1082 622 1124 opes.

90 1142 142 1184 Orta
151 1143 219 1198 Tyro,
228 1156 320 1199 regnum
328 1142 406 1198 Libyca
416 1138 510 1198 possedit
519 1143 542 1184 in
552 1156 602 1186 ora:

120 1215 192 1271 Quam
202 1229 277 1272 precor
286 1226 311 1259 ut
319 1230 373 1259 carae
383 1230 445 1260 more
453 1217 533 1260 sororis
542 1232 608 1260 ames.

89 1289 169 1330 Omnia
178 1289 295 1343 promittit,
306 1289 430 1347 falsumque
439 1290 524 1333 Lavinia
535 1290 614 1334 vulnus

121 1363 191 1404 Mente
200 1364 279 1418 premit
289 1364 363 1413 tacita.
373 1364 538 1420 dissimulatque
548 1364 648 1408 fremens.

90 1436 194 1490 Donaque
203 1450 272 1492 quum
282 1437 353 1479 videat
362 1446 440 1492 praeter
448 1450 488 1478 sua
497 1435 581 1479 lumina
591 1436 642 1479 lerri

120 1508 188 1552 Multa
197 1510 280 1566 palam;
291 1510 349 1554 mitti
358 1510 416 1553 clam
425 1524 513 1566 quoque
522 1509 591 1552 multa
601 1520 670 1566 putat.

88 1586 140 1627 Non
151 1592 224 1625 tamen
232 1592 344 1633 exactum,
354 1584 408 1639 quid
418 1594 473 1639 agat
483 1583 597 1627 furialiter
605 1584 662 1633 odiu

119 1657 144 1698 Et
153 1665 215 1710 parat
225 1655 323 1706 insidias,
333 1665 354 1699 et
363 1656 424 1711 eupit
434 1656 479 1699 ulta
488 1657 551 1699 mori.

87 1728 206 1771 tinxerat:
216 1738 267 1771 ante
276 1737 349 1770 torum
359 1728 404 1773 visa
412 1737 445 1772 est
453 1729 537 1772 adstare
547 1729 637 1781 sororis,

119 1799 230 1855 squalenti
239 1800 292 1842 Dido
301 1800 465 1857 sanguinolenta
475 1816 549 1853 coma;

88 1875 126 1924 Et,
136 1876 206 1930 Fuge,
216 1887 243 1916 ne
252 1875 340 1924 dubita.
350 1885 464 1927 maestum,
475 1875 536 1931 luge,
546 1876 628 1928 dicere,
639 1884 729 1920 tectum.

119 1949 165 1990 Sub
173 1949 265 1991 verbum
275 1948 376 2005 querulas
385 1950 473 2006 impulit
481 1963 536 1993 aura
545 1949 609 1994 iores.

88 2021 174 2073 Exsilit3
184 2031 207 2065 et
215 2021 276 2065 velox
284 2022 363 2065 humili
372 2037 438 2081 super
446 2038 498 2066 arva
506 2023 600 2067 fenestra

120 2097 146 2137 Se
152 2093 217 2149 jacit:
226 2096 332 2138 audacem
341 2095 422 2140 fecerat
430 2097 476 2153 ipse
485 2098 557 2140 timor.

87 2169 181 2226 Quaque
190 2177 252 2213 metu
261 2170 351 2227 rapitur,
361 2171 435 2215 tunica
444 2170 511 2214 velata
521 2171 625 2224 recincta,
