1650 2584
96 172 121 202 tc
263 157 364 201 turis
381 159 566 202 AMATOMAE
666 172 686 199 v.
700 158 737 211 73.

91 251 182 306 Quaque
191 258 267 305 parate
276 262 352 293 necem
362 249 447 293 miserie
457 249 592 307 patrueiibus
601 252 659 291 ausa

121 323 212 375 Belides,
221 335 243 368 et
251 325 326 368 stricto
335 336 377 368 stat
387 325 446 368 ierus
455 338 505 367 ense
514 333 581 380 pater.

91 399 136 440 Nec
147 408 167 441 te
176 409 287 455 pretereat
296 400 375 441 Veneri
384 398 481 455 ploratus
491 398 581 449 Adonis3

120 470 226 527 curaque
234 472 308 514 Judaeo
318 471 409 527 septima
419 484 480 512 sacra
489 472 549 527 Syro.

92 546 142 588 Neu
151 544 202 601 fuge
212 544 305 600 linigero
315 543 454 600 Memphitica
464 542 544 598 templa
551 542 663 598 juvencae

120 618 199 662 Multas
209 617 245 661 illa
255 618 317 670 facit,
327 618 386 674 quod
396 616 440 660 tuit
450 617 495 675 ipta
504 616 557 658 lovi.

91 694 117 736 Et
126 692 174 735 fora
183 694 326 745 conveniunt,
335 692 384 748 quie
392 693 479 734 credere
488 691 566 747 possit!
575 690 658 741 amam

119 766 260 822 Flammaque
269 765 292 808 in
302 774 378 821 arguto
388 779 443 822 saepe
454 776 538 821 reperta
548 762 604 807 foro.

90 840 181 882 Subdita
189 853 232 895 qua
241 838 330 882 Veneris
340 838 398 882 iacto
407 840 434 881 de
444 852 553 882 marmore
562 836 644 894 templo

119 913 196 969 Appias
206 913 308 968 expressis
318 927 367 955 aera
377 911 449 968 pulsat
458 912 527 967 aquis.

89 986 129 1028 1110
137 999 192 1041 saepe
201 984 250 1028 loco
259 985 344 1041 capitur
353 984 465 1028 consultus
474 983 548 1027 umori
557 999 562 1024 ε

119 1057 204 1116 Quique
214 1056 261 1099 aliis
270 1057 336 1108 cavit„
346 1070 390 1100 uon
400 1066 461 1100 cavet
471 1058 515 1114 ipse
524 1057 573 1099 sibi.

88 1131 128 1175 Illo
137 1145 192 1187 saepe
202 1129 250 1173 loeo
258 1132 337 1174 desunt
346 1145 386 1173 sua
395 1132 461 1174 verba
469 1131 549 1173 diserto
558 1147 563 1172 :

116 1210 200 1261 Resque
209 1219 269 1249 πονε
278 1206 379 1257 veniunt,
389 1220 496 1262 causaque
505 1205 587 1263 agenda
596 1205 630 1248 sui
639 1217 678 1249 est.

88 1280 151 1323 Hunc
161 1281 235 1322 Venus
244 1294 255 1321 e
265 1279 361 1335 templis,
371 1290 479 1335 quaesunt
489 1279 596 1329 confinia,
606 1274 667 1322 ridet.

117 1353 159 1412 Qui
169 1353 235 1395 modo
244 1363 360 1409 patronus,
370 1360 430 1395 nube
439 1353 499 1410 cupit
508 1367 553 1395 esse
562 1352 635 1395 cliens.

88 1426 129 1468 Sed
140 1436 163 1468 tu
172 1425 279 1481 precipue
288 1425 359 1467 curvis
368 1439 445 1468 venare
454 1425 550 1469 theatris.

117 1500 166 1542 uec
175 1498 222 1540 ioca
231 1508 283 1541 sunt
292 1508 343 1541 voto
352 1497 457 1541 fertiliora
467 1509 512 1542 tuo.

87 1572 133 1615 utic
144 1572 250 1621 invenies,
259 1572 318 1627 quod
328 1586 398 1624 amca,
408 1574 467 1628 quod
477 1572 551 1615 ludere
561 1573 640 1629 poesis,

117 1646 223 1703 Quodque
232 1645 299 1688 semei
308 1655 394 1702 tangas,
403 1648 505 1703 quodque
515 1657 586 1689 tencre
596 1646 654 1689 reiis.

88 1720 117 1761 Ut
126 1718 181 1760 redit
191 1719 251 1774 itque
261 1718 361 1774 frequens
371 1719 462 1775 longum
472 1719 564 1761 formica
573 1733 613 1775 per
621 1733 712 1776 agmen,

116 1790 229 1834 Granifero
238 1791 326 1835 solitum
336 1806 405 1848 quum
416 1791 474 1835 vehit
483 1805 521 1833 ore
529 1791 616 1842 cibum

86 1868 129 1911 Aut
138 1875 164 1908 ut
172 1880 234 1922 apes,
243 1866 353 1921 saltusque
362 1880 413 1909 suos
422 1876 444 1910 et
452 1866 532 1909 utentia
541 1877 610 1909 nacta

115 1941 208 1989 Pascua,
217 1952 256 1995 per
265 1939 328 1981 flores
337 1950 358 1981 ct
369 1939 443 1996 thyma
453 1942 539 1981 summa
550 1938 634 1990 valant3

88 2011 121 2054 Sic
131 2011 176 2053 ruit
184 2010 207 2053 in
217 2010 310 2053 celebres
320 2010 439 2053 cultissima
449 2010 531 2053 femina
540 2010 609 2054 ludos.

116 2085 182 2141 Copia
188 2085 299 2142 judicium
309 2098 363 2141 sape
374 2095 459 2129 morata
470 2099 554 2129 meum.

86 2160 211 2215 Spectatum
220 2160 322 2213 veniunt,
330 2159 422 2203 veniunt
431 2169 555 2217 spectentur
564 2169 590 2203 ut
598 2159 657 2216 ipsa.
