1650 2584
137 225 164 267 do
299 226 399 267 tutts
417 226 607 268 AMAToutAE.
694 242 717 270 v.
732 243 787 285 ²9²·

164 314 255 370 Quoque
263 313 340 357 volunt
349 314 436 370 plorant
446 324 555 370 ternpore,
564 329 654 371 quoque
664 319 745 361 modo.

136 386 205 442 Quid?
214 400 283 441 quum
293 386 387 442 legitima
397 386 512 430 fraudatur
521 387 583 429 litera
594 402 658 440 voce,
721 399 728 407 ”

165 459 271 515 Blaesaque
282 460 306 502 lit
312 459 375 516 jusso
385 460 459 516 lingua
469 470 543 503 coacta
553 475 618 503 sono:

136 536 161 576 ln
172 534 223 576 vitio
233 537 297 576 decor
307 544 350 582 est,
360 535 459 588 quedam
470 533 526 575 male
537 535 625 577 reddere
635 537 711 578 verba.

165 607 253 649 Discunt
262 621 323 663 posse
333 607 417 655 miuus,
427 621 493 662 quam
504 618 604 663 potuere,
615 608 684 665 loqui.

136 681 242 723 Omnibus
253 681 296 731 his,
305 681 409 735 quoniam
420 691 523 736 prosunt,
533 682 652 737 impendite
662 698 750 726 curam.

164 757 241 799 Discite
252 756 345 798 femineo
355 770 445 812 corpora
456 756 511 798 ferre
517 758 596 813 gradu.

134 831 171 872 Est
180 840 201 871 et
211 830 232 870 in
243 830 326 871 incessu
336 843 437 885 parenon
448 830 565 878 temnenda
574 830 664 872 decoris.

164 902 234 944 Allicit
243 902 326 957 ignotos
336 902 382 953 itte,
393 901 496 957 fugatque
506 902 568 943 viros.

137 976 184 1016 linc
194 985 266 1016 movet
275 985 320 1017 arte
330 974 397 1023 latus,
408 974 528 1029 tunicisque
539 974 659 1017 liuentibus
668 990 736 1019 nutas

166 1048 258 1103 Excipit3
268 1059 365 1090 extensos
375 1047 459 1103 fertque
468 1048 561 1101 superba
569 1049 641 1103 pedes.

137 1120 187 1171 Illa,
197 1121 254 1163 velut
264 1120 343 1177 conjux
354 1121 428 1162 Umbri
439 1121 560 1162 rubicunda
570 1121 654 1171 mariti,

165 1195 280 1247 Ambulat3
290 1195 385 1251 ingentes
395 1195 465 1237 varica
476 1193 559 1249 fertque
568 1196 654 1249 gradus.

136 1270 177 1312 Sed
185 1269 223 1320 sit,
234 1269 289 1311 utin
300 1268 388 1319 multis,
400 1269 478 1309 modus
487 1267 522 1309 hic
532 1282 625 1323 quoque.
637 1270 739 1313 Rusticus
750 1270 802 1314 alter

120 1354 121 1359 ¹
165 1345 246 1394 Motus;
257 1342 279 1383 in
289 1343 373 1384 incessu
383 1341 469 1383 mollior
477 1339 531 1383 alter
540 1341 586 1383 erit.

137 1418 186 1458 Pars
196 1416 281 1459 humeri
292 1427 364 1458 tamen
374 1416 419 1457 ima
431 1416 473 1463 tui,
484 1428 533 1470 pars
542 1428 630 1457 summa
639 1414 714 1459 lacerti

167 1491 231 1532 Nuda
242 1490 280 1541 sit,
291 1505 303 1531 a
314 1489 365 1531 laeva
375 1488 526 1545 conspicienda
536 1503 610 1530 manu.

137 1566 181 1607 lloc
191 1577 228 1605 vos
237 1564 354 1619 precipue,
366 1564 442 1613 uiveae,
452 1564 518 1606 decet.
530 1565 573 1605 Hoc
583 1563 621 1605 ubi
631 1563 687 1615 vidi,

166 1639 243 1682 Oscula
253 1640 307 1681 ferre
317 1639 420 1691 humero,
430 1653 473 1694 qua
482 1648 551 1695 patet,
562 1639 698 1694 usquelibet

138 1716 234 1757 Monstra
244 1714 310 1755 maris
318 1714 400 1756 Sirenes
410 1723 472 1756 erant
481 1731 486 1755 ι
496 1728 544 1769 quae
554 1727 605 1755 voce
614 1727 695 1757 canora

168 1786 294 1845 Quamlibet
302 1787 405 1829 admissas
414 1788 525 1829 detinuere
535 1795 597 1829 rates.

138 1861 174 1904 llis
183 1874 222 1902 sua
232 1860 351 1916 Sisyphides
361 1859 440 1903 auditis
449 1874 510 1915 poene
520 1859 605 1902 resolvit

169 1936 274 1988 Corpora;
284 1947 336 1975 nam
346 1933 408 1975 sociis
418 1933 471 1975 illita
480 1947 529 1975 cera
540 1933 589 1976 fuit.

139 2009 179 2050 iles
188 2016 220 2049 est
230 2005 309 2047 blenda
317 2020 396 2048 canor:
407 2006 491 2049 discant
499 2017 587 2049 cantare
596 2006 681 2063 puellae.

168 2084 209 2123 Pro
218 2080 272 2122 facie
282 2079 356 2122 multis
366 2095 406 2123 vor
416 2095 455 2123 sua
464 2081 512 2123 lena
522 2080 572 2123 fuit.

139 2155 165 2196 Et
175 2154 242 2194 modo
251 2153 378 2195 marmoreis
388 2153 483 2197 referant
492 2154 567 2197 audita
577 2154 677 2208 theatris5

168 2228 195 2268 Et
204 2225 270 2267 modo
280 2224 368 2268 Niliacis
377 2225 477 2269 carmina
485 2226 534 2269 lusa
543 2225 621 2269 modis.
