1650 2584
83 155 126 209 234
315 154 497 197 Flsronunt
640 170 661 198 v.
676 159 736 214 ⁵9²⁴

112 247 216 299 Vertitur,
225 258 247 290 et
255 260 321 289 canas
329 246 401 289 alveus
412 246 486 290 haurit
495 260 568 302 aquas.

83 320 183 363 Vincitur
192 334 226 362 ars
236 331 313 364 vento:
323 334 362 362 nec
369 319 418 376 jam
429 320 554 362 moderator
562 319 653 363 habenis

113 394 192 444 Utitur,
201 405 224 437 at
234 393 300 436 votis:
310 393 345 435 hic
354 407 442 449 quoque
451 393 520 448 poscit
529 407 601 449 opem.

83 468 181 509 lactatur
190 467 285 509 tumidas
294 465 352 508 exsul
363 466 472 508 Phoenissa
480 479 519 521 per
528 466 609 517 undam

114 540 250 596 Humidaque
259 540 357 595 opposita
366 538 451 581 lumina
460 549 518 583 veste
528 539 586 596 tegit.

85 613 141 655 Tum
151 613 248 669 primum
259 613 311 654 nido
320 611 372 654 felin
381 622 413 654 est
422 612 479 655 dicta
488 612 569 662 sorori,

114 688 139 728 Et
148 700 282 745 quaecuuque
291 685 388 741 aliquam
398 699 489 740 corpore
498 685 575 741 pressit
582 686 688 729 humum.

76 759 167 815 ‘Figitur
176 761 203 801 ad
212 761 306 802 Laurens
315 759 397 814 ingenti
406 759 494 801 llamiue
504 759 555 802 litus

116 834 205 890 Puppim
215 843 247 883 et,
257 832 357 889 expositis
367 833 481 883 omnious.
491 834 569 877 hausta
577 834 640 890 perit.

88 911 136 951 lam
147 908 195 965 pius
204 911 277 950 AEneas
287 922 352 964 regno
361 918 456 963 nataque
465 909 534 951 Latini

118 984 198 1025 tuctus
208 992 263 1031 erat,
274 982 366 1038 populos
376 982 535 1038 miscueratque
544 984 606 1026 duos.

89 1057 160 1100 Litore
169 1057 247 1109 dotali,
257 1057 303 1099 solo
313 1057 430 1100 comitatus
439 1058 529 1108 Achate,

119 1132 227 1172 Secretum
238 1131 298 1172 nudo
307 1131 361 1172 dum
371 1131 425 1186 pede
434 1130 503 1186 carpit
511 1131 563 1181 iter,

89 1203 184 1259 Adspicit
193 1212 313 1252 errantem,
323 1216 362 1244 nco
371 1203 457 1245 credere
466 1203 558 1246 sustinet
567 1205 651 1246 tunam

120 1278 181 1317 Esse:
191 1275 243 1331 quid
252 1275 275 1317 in
285 1276 354 1318 Latios
363 1275 399 1317 illa
409 1277 492 1319 veniret
500 1282 574 1332 agros!

92 1354 147 1394 Dum
158 1365 231 1393 secum
243 1355 327 1393 AEneas:
337 1355 398 1394 Anna
407 1362 450 1401 est,
460 1351 566 1405 exclamat
574 1351 670 1394 Achates.

121 1426 152 1468 lu
162 1438 243 1467 nomen
252 1424 324 1467 vultus
334 1426 422 1468 sustulit
430 1425 467 1467 illa
476 1439 533 1468 suos.

93 1501 142 1556 Quo
151 1498 231 1554 fugiat!
241 1498 293 1554 quid
303 1505 364 1554 agat?
373 1513 428 1554 quos
438 1509 498 1541 terra
507 1507 589 1554 quaerat
598 1498 683 1544 hiatust

123 1575 177 1614 Ante
185 1570 259 1613 oculos
269 1571 351 1614 miserm
361 1571 405 1614 fata
414 1572 494 1614 sororis
503 1580 571 1613 erant.

95 1643 175 1694 Sensit,
185 1654 207 1686 et
216 1643 341 1699 adloquitur
351 1644 456 1700 trepidam
466 1644 591 1701 Cythereius
600 1643 674 1696 heros3

124 1717 169 1760 Flet
179 1726 253 1759 tamen
261 1718 376 1759 admonitu
385 1717 472 1767 mortis,
482 1715 558 1768 Elissa,
569 1726 618 1761 tuae.

96 1792 169 1841 Anna,
178 1803 217 1845 per
226 1790 281 1831 hanc
288 1790 352 1846 juro,
361 1804 428 1846 quam
438 1790 550 1846 quondam
559 1789 634 1832 audire
643 1789 725 1833 solebas

126 1863 234 1908 Tellurem
244 1864 289 1907 fato
297 1864 431 1920 prosperiore
440 1864 498 1916 dari;

98 1942 178 1994 Perque
187 1941 240 1980 Deos
249 1938 350 1990 comites,
360 1938 400 1980 hac
409 1952 479 1994 nuper
488 1939 537 1980 sede
546 1937 639 1988 locatos;

128 2013 185 2066 Saepe
194 2025 253 2053 meat
262 2010 310 2053 illos
319 2011 450 2068 increpuisse
459 2025 538 2054 moras.

98 2085 143 2127 Nec
154 2084 217 2127 timui
227 2084 253 2126 de
263 2095 333 2128 morte
344 2094 431 2128 tamen:
441 2095 513 2128 metus
521 2083 593 2128 abfuit
601 2084 654 2128 iste:

127 2157 165 2198 llei
175 2156 240 2199 mihi!
250 2157 346 2203 credibili
356 2157 434 2203 fortior
443 2158 481 2202 illa
489 2157 538 2202 fuit
