1650 2584
94 192 134 223 tot
322 178 504 222 etstotutt
647 179 735 233 meod.

43 258 47 264 ⁵
121 270 243 325 Tergaque,
253 269 344 312 deductu
353 278 422 319 reste,
431 276 507 309 notate
515 265 594 309 rident.

93 341 154 383 Fient
162 355 261 397 quoque,
270 351 302 392 et,
312 350 338 383 ut
346 354 421 383 secum
432 338 595 391 tueaturbei1u‚
605 348 734 395 precentur.

121 415 214 459 Callidus
224 415 303 472 ignaris
312 414 389 457 adnuit
398 412 434 455 iiie
443 414 499 455 viris.

93 488 183 544 Jamque
193 499 280 545 potens,
290 489 356 531 misso
365 489 485 543 genitorem
493 485 588 543 appellat
596 486 679 537 emico,

121 562 225 604 Prodendi
235 562 313 605 Gabios
322 561 382 616 quod
391 560 433 602 sibi
443 567 550 601 monstret
559 558 606 601 iter.

93 637 171 679 Hortus
180 636 276 679 odoratis
284 637 372 679 suberet
381 634 513 677 cultissimus
522 632 607 686 herbis,

121 712 194 755 Sectus
203 712 298 754 humum
309 711 354 753 rivo
364 710 410 752 lene
420 708 517 751 sonantis
526 721 594 764 aqua.

92 782 138 826 lllie
147 784 277 840 Tarquinius
286 785 390 826 mundata
400 782 489 825 latentia
499 781 545 825 neti

122 858 214 915 Accipit,
224 869 244 901 et
254 859 312 913 virga
322 858 366 900 iiiia
375 870 464 900 summa
474 857 544 899 metit.

93 934 189 976 Nuntius
198 944 223 978 ut
232 935 307 984 rediit,
316 934 448 988 decussaque
458 932 502 974 titia
510 931 575 983 dixit3

121 1006 198 1057 Filius,
207 1009 304 1063 Agnosco
310 1007 372 1063 jussa
382 1006 489 1062 parentis,
499 1005 535 1048 eit.

93 1082 137 1122 Nec
147 1094 221 1124 mora:
231 1080 364 1137 principibus
373 1080 432 1123 cesis
441 1094 466 1122 ex
476 1080 530 1122 urbe
539 1079 632 1131 Gabino,

121 1156 246 1199 Traduntur
255 1157 347 1199 ducibus
357 1157 436 1198 moenie
446 1156 505 1198 nude
515 1155 566 1197 suis.

93 1230 156 1280 Ecce,
165 1228 226 1271 nefus
236 1229 294 1282 visu,
305 1229 381 1271 mediis
389 1229 494 1271 altaribus
504 1227 580 1283 anguis
642 1226 644 1231 '

120 1304 178 1354 urit.
188 1314 210 1346 et
218 1304 326 1347 exstinctis
335 1304 422 1360 ignibus
432 1314 482 1346 exta
493 1303 556 1358 rapit.

91 1379 216 1424 Consulitur
225 1380 322 1423 Phoebus.
332 1383 381 1422 Sors
389 1389 422 1421 est
431 1379 461 1422 itu
471 1378 567 1421 reddita:
577 1377 642 1420 Matri

122 1454 163 1512 Qui
173 1454 255 1496 dederit
265 1453 363 1510 princeps
372 1452 456 1499 osenia,
467 1452 536 1494 vietor
544 1451 591 1493 erit.

93 1525 169 1568 Oscula
178 1526 269 1581 quisque
279 1540 322 1568 sure
331 1526 521 1582 matri'properata
530 1524 639 1572 tulerunt,

121 1602 170 1642 Non
180 1598 288 1642 intellecto
297 1599 384 1642 credule
394 1600 459 1641 turba
470 1601 518 1640 neo.

93 1673 171 1714 Brutus
180 1681 226 1713 eret
234 1671 294 1714 stulti
304 1672 388 1728 sapiens
397 1671 503 1721 imitator,
512 1679 537 1713 ut
545 1679 602 1712 esset

121 1748 190 1788 Tutus
199 1745 227 1787 nb
237 1744 330 1796 insidiis,
340 1745 386 1787 dire
395 1745 501 1800 Superbe,
511 1745 560 1786 tuis.

92 1819 129 1862 lile
135 1819 210 1876 jacens
219 1832 301 1875 pronus
311 1819 375 1861 metri
384 1819 444 1860 dedit
452 1816 527 1860 osenla
534 1819 615 1866 Terre,

120 1893 219 1937 Creditus
228 1891 313 1935 offenso
323 1893 463 1949 procubuisse
473 1892 533 1947 pede.

92 2041 201 2082 Cruorruu
210 2038 292 2081 interea
300 2039 402 2082 nomenis
410 2039 479 2082 Ardea
488 2038 565 2094 signis,

122 2113 147 2155 Et
156 2110 238 2167 patitur
247 2111 314 2155 lentus
324 2113 436 2156 obsidione
446 2125 524 2155 moras.

92 2185 150 2227 Dum
159 2192 231 2236 ruent,
241 2194 262 2226 et
272 2194 374 2229 metuunt
380 2186 455 2230 hostes
463 2184 600 2230 committere
609 2196 719 2241 pugnarn,
