1650 2584
141 183 168 225 do
304 181 405 223 altus
423 180 610 223 tuatonis
699 195 719 224 r.
732 184 781 227 613.

142 271 186 312 Nee
196 268 253 311 credi
263 267 325 311 labor
333 279 378 311 est:
388 268 429 310 sibi
438 282 530 324 quaque
540 268 626 312 videtur
634 271 738 313 amanda.

169 343 263 386 Pessima
272 343 311 393 sit,
321 341 375 385 nulli
385 355 429 384 non
438 356 478 384 sua
488 341 560 384 forma
569 341 647 397 placet.

142 418 200 473 Saepe
210 426 283 459 tamen
293 429 341 457 vere
350 415 415 471 coepit
423 414 539 458 simulator
548 429 636 458 amare:

171 493 229 547 Saepe
235 523 240 542 ,
247 491 307 546 qnod
316 489 421 544 incipiens
430 487 521 530 linierat
530 502 586 537 esse.
599 488 649 532 luit.

141 568 189 624 Quo
200 565 268 621 magis
277 578 291 606 o
300 564 372 606 faciles
382 563 519 605 imitantibus
529 572 584 614 este,
594 563 679 618 puellae.

170 638 215 681 Fiet
224 651 287 681 arnor
296 620 369 686 verris,
378 636 417 691 qui
427 636 493 677 modo
503 635 570 677 falsus
579 646 632 679 erat.

140 712 250 757 Blanditiis
258 712 358 754 animum
368 710 446 753 furtim
455 710 587 766 deprendere
595 724 655 754 nunc
664 711 704 755 sit:

170 788 198 829 Ut
206 786 301 841 pendens
310 784 393 840 liquida
402 783 449 839 ripa
458 784 545 826 subitur
554 798 618 839 aqua

141 863 186 904 Nee
196 860 285 910 faciem,
294 873 334 901 nee
344 869 364 902 te
373 858 445 914 pigeat
454 857 543 900 laudare
552 858 655 914 capillos;

170 937 195 977 Et
205 943 280 976 teretes
289 933 376 988 digitos,
386 932 532 987 exiguumque
542 933 626 986 pedem.

141 1009 249 1052 Delectant
258 1007 324 1050 etiam
333 1016 401 1048 castas
410 1005 517 1061 preconia
528 1004 611 1049 formae.

169 1081 294 1136 Virginibus
303 1088 472 1134 emptamque
482 1077 553 1120 forma
563 1093 604 1122 sua
612 1092 650 1123 est

139 1158 198 1199 Nam
208 1168 247 1197 cur
256 1154 280 1195 in
289 1151 384 1209 Phrygiis
393 1154 502 1193 lunonem
513 1162 534 1194 et
543 1152 627 1196 Pallada
637 1154 697 1197 silvis

168 1229 231 1270 Nunc
240 1238 327 1281 quoque
333 1223 444 1280 judicium
453 1237 497 1266 non
507 1225 600 1267 tenuisse
609 1227 689 1282 pudetl

136 1302 243 1345 Laudatas
252 1306 346 1342 ostentat
355 1297 399 1339 avis
407 1298 501 1340 Juuonia
511 1312 605 1354 pennas:

167 1374 188 1417 Si
199 1373 275 1418 tacitus
284 1381 377 1427 spectes,
386 1371 423 1412 illa
433 1372 530 1414 recondit
540 1386 596 1428 opes.

137 1448 302 1508 Quadrupedes,
312 1446 368 1487 inter
377 1445 445 1501 rapidi
455 1446 573 1488 certamina
582 1461 670 1499 cursus,

166 1525 296 1578 Depexaeque
302 1519 363 1575 jubae
372 1518 491 1574 plausaque
500 1518 555 1561 colla
561 1519 647 1575 juvant.

136 1599 180 1639 Nec
190 1595 265 1638 timide
274 1592 390 1648 promitte:
402 1592 493 1635 trahunt
502 1593 608 1648 promissa
617 1594 708 1649 puellas.

164 1669 261 1713 Pollicito
272 1677 333 1709 testes
342 1666 451 1722 quoslibet
459 1667 514 1708 adde
524 1669 583 1708 Deos.

134 1744 219 1800 Jupiter
228 1757 253 1785 ex
262 1741 306 1784 alto
316 1741 411 1797 perjuria
422 1741 476 1783 ridet
485 1751 612 1793 amantum

164 1820 189 1860 Et
196 1817 260 1873 jubet
270 1814 345 1856 AEolios
356 1814 416 1856 irrita
426 1814 481 1856 ferre
491 1816 564 1857 Notos.

134 1893 173 1934 Per
182 1892 244 1947 Styga
253 1889 333 1930 lunoni
343 1886 422 1929 falsum
430 1887 506 1943 jurare
516 1888 599 1932 solebat

163 1964 259 2020 Jupiter:
269 1961 367 2016 exemplo
377 1974 437 2002 nunc
446 1960 503 2003 lavet
512 1962 557 2017 ipse
565 1976 613 2005 suo.

132 2037 222 2094 Expedit
231 2049 275 2077 esse
284 2036 349 2076 Deos:
360 2043 391 2085 et,
402 2045 427 2076 nt
436 2035 532 2090 expedit,
542 2050 587 2078 esse
596 2048 709 2093 putemus.

161 2114 243 2153 Dentur
251 2108 274 2150 in
284 2108 385 2163 antiquos
395 2118 443 2150 tura
454 2123 583 2166 merumque
594 2110 662 2155 focos.

131 2185 176 2227 Nee
185 2195 260 2225 secura
269 2180 330 2236 quies
339 2179 387 2222 illos
395 2181 515 2238 similisque
523 2185 597 2241 sopori
