1650 2584
143 147 183 197 ¹⁰4
306 144 460 186 REMEDIA
477 145 613 188 AMORIS.
715 161 734 187 v.
749 159 781 202 ις).

139 236 183 276 Cur
192 232 269 287 aliquis
278 233 347 289 rigido
357 233 412 276 fodit
421 247 460 275 sua
470 234 550 276 viscera
559 234 629 276 ferm?

166 307 273 348 Invidiam
282 308 355 356 caedis,
364 307 423 363 pacis
433 317 524 357 amator,
535 307 608 349 habes.

138 381 191 438 Qui.
200 382 241 424 nisi
251 382 347 431 desierit.
357 382 437 423 misero
446 382 555 437 periturus
565 396 641 424 amore
650 392 695 434 est,

167 456 265 498 Desinat:
276 467 297 498 ct
304 455 359 497 nulii
369 455 452 497 funeris
462 466 538 498 auctor
547 456 595 497 eris.

138 531 164 571 Et
173 543 227 584 puer
236 543 268 577 es;
278 542 317 570 nec
328 528 489 584 nequidquam,
499 529 539 571 uisi
548 528 634 581 ludere,
644 541 737 586 oportet.

167 603 225 644 Lude
234 617 238 641 :
248 602 324 643 decent
333 615 401 643 annos
411 601 486 643 moilia
495 616 560 658 regna
571 612 627 644 tuos.

138 677 195 717 Nam
205 685 289 730 poteras
300 675 331 717 uti
340 675 404 717 nudis
413 675 441 716 ad
451 674 507 716 belia
517 674 611 731 sagittis:

166 749 204 790 Sed
216 761 253 790 tua
263 734 346 789 letifero
355 747 460 803 sanguine
469 747 512 791 teia
521 757 600 790 carent.

135 822 231 865 Vitricus
240 832 262 864 et
270 821 346 876 gladiis
355 830 377 863 et
386 831 450 863 acuta
459 822 547 864 dimicet
557 823 630 873 hasta;

165 898 190 938 Et
199 896 267 937 victor
277 894 347 937 multa
356 895 412 936 caedc
422 904 524 937 cruentus
534 905 575 937 eat.

136 970 169 1011 Tu
179 967 224 1009 cole
235 978 354 1017 maternas,
364 976 412 1009 tuto
421 967 501 1022 quibus
510 968 602 1020 utimur,
611 978 668 1011 artes
677 983 682 1007 :

164 1043 190 1083 Et
199 1054 293 1096 quarum
303 1039 354 1081 vitio
364 1039 425 1081 nulia
434 1039 460 1082 fit
469 1041 522 1082 orha
531 1055 615 1097 parens.

136 1115 202 1158 Effice
211 1125 317 1157 nocturna
327 1113 441 1170 frangatur
447 1114 518 1171 janua
528 1116 583 1165 rixa3

164 1192 190 1232 Et
200 1198 256 1244 tegat
265 1197 350 1230 ornatas
360 1187 431 1229 muita
439 1201 521 1230 corona
530 1187 593 1230 fores.

136 1266 177 1306 Fac
186 1272 263 1306 cocant
272 1261 349 1304 furtim
354 1261 457 1317 juvenes,
468 1261 591 1318 timidaque
600 1262 692 1318 puellae:

164 1339 278 1393 Verbaque
287 1337 340 1378 dent
348 1345 412 1378 cauto
422 1336 519 1390 qualibet
528 1346 573 1378 arte
584 1337 637 1379 viro.

135 1416 161 1456 Et
170 1413 237 1454 modo
246 1410 373 1461 blanditias,
382 1410 451 1465 rigido
461 1411 527 1451 modo
534 1409 607 1466 jurgia
617 1411 674 1467 posti

163 1484 232 1534 Dicat,
244 1493 265 1525 et
274 1482 372 1524 exclusus
382 1481 453 1524 flebile
462 1492 534 1525 cantet
543 1496 626 1525 amans.

133 1558 168 1600 llis
177 1557 278 1614 lacrymis
287 1565 401 1598 contentus
410 1556 452 1598 eris
460 1556 506 1597 sine
516 1556 607 1599 crimine
616 1559 703 1602 mortis.

165 1633 214 1673 Nun
224 1641 262 1673 tua
273 1630 308 1672 fax
317 1630 390 1672 aridos
399 1629 463 1685 digna
473 1629 546 1671 subire
556 1643 626 1685 rogos.

134 1705 181 1745 Hac
191 1717 237 1758 ego.
247 1702 313 1745 Movit
321 1704 388 1744 Amor
396 1712 515 1758 gemmatas
525 1716 604 1744 aureus
613 1703 670 1756 aias3

163 1779 189 1819 Et
198 1777 263 1826 mihi,
273 1776 409 1831 Propositum
419 1774 508 1831 perfice,
518 1775 582 1825 dixit,
592 1789 655 1832 opus.

133 1849 164 1891 ad
175 1862 234 1897 mea.
244 1847 326 1902 decepti
335 1849 438 1898 Juvenes‚
448 1856 553 1903 precepta
563 1848 645 1901 venite,

162 1924 220 1977 Quos
230 1935 282 1962 suus
291 1935 317 1963 ex
326 1922 386 1963 omni
395 1932 456 1976 parte
466 1920 542 1963 fefellit
551 1935 621 1964 amor.

132 1995 209 2037 Discite
218 1994 302 2045 sanari,
311 2008 423 2049 perquem
433 1995 536 2037 didicistis
546 2009 620 2039 amare
629 2012 635 2036 :

160 2068 207 2107 Una
217 2078 295 2108 manus
305 2065 365 2106 vobis
374 2066 453 2108 vuinus
462 2081 569 2123 opemque
579 2066 640 2111 feret.

132 2142 197 2183 Terra
206 2138 309 2181 salutares
319 2139 407 2191 herbas,
417 2142 536 2197 eademque
545 2153 664 2198 nocentes,
