1650 2584
139 221 167 261 7⁰
308 195 649 256 lnr1slurr0n1n'
714 230 781 259 en.

168 295 251 352 Iphias:
263 297 285 339 in
296 299 379 340 medios
388 299 518 354 desiluitque
527 314 597 356 rogos.

138 370 187 425 Ipsa
196 385 282 426 quoque
293 383 314 414 et
323 370 384 413 cultu
394 383 427 414 est
436 383 457 415 et
467 374 555 415 nornine
565 374 647 419 femina
657 378 742 422 Virtus.

168 446 218 486 Non
228 446 321 495 mirum,
332 445 413 502 populo
424 447 441 487 si
452 445 508 489 favet
518 447 554 489 illa
563 463 611 490 suo.

140 520 184 561 Nec
195 528 266 561 tamen
278 520 310 561 hs
320 531 404 562 mentes
414 530 486 562 nostra
496 534 617 577 poscuntur
626 525 654 567 ab
664 535 719 569 arte.

169 591 306 634 Conveniunt
316 594 399 648 cymbae
408 592 454 634 vela
465 594 550 636 minora
560 608 620 637 mee.

140 664 186 715 Nil,
197 665 237 707 nisi
248 665 319 707 lascivi
329 679 367 720 per
377 679 412 707 me
422 665 536 709 discuntur
544 682 643 711 amores:

170 739 259 780 Femina
268 738 391 794 precipiam
402 752 447 793 quo
456 740 483 780 sit
493 741 587 781 amanda
597 741 671 784 modo.

140 813 230 855 femina
240 827 279 855 nec
290 814 403 861 flammas.
412 826 452 855 uec
461 827 527 855 sevos
536 814 625 858 discutit
633 830 706 860 arcus.

169 888 254 930 Parcius
264 889 308 929 haec
318 888 379 929 video
390 887 431 930 tela
442 902 520 930 nocere
529 890 585 932 viris.

141 964 199 1018 Saepe
209 962 248 1004 viri
259 962 348 1011 falluut3
360 974 436 1005 tenerae
446 977 491 1004 non
500 977 554 1019 saepe
564 965 654 1020 puelle:

169 1039 292 1091 Paucaque,
302 1036 319 1077 si
329 1049 424 1091 quaeras,
434 1037 525 1079 crimina
535 1036 619 1080 fraudis
629 1040 719 1085 habent.

140 1110 241 1157 Phasida.
248 1109 297 1165 jam
308 1119 413 1161 matrem,
425 1109 488 1152 fallax
499 1111 580 1154 dimisit
591 1114 668 1155 lason:

168 1183 233 1226 Venit
242 1183 264 1225 in
275 1183 370 1225 AEsonios
380 1183 446 1226 altera
458 1194 526 1240 nupta
535 1185 601 1227 sinus.

142 1259 254 1317 Quantum
264 1258 287 1299 in
298 1268 329 1309 ts,
339 1259 434 1307 Theseu,
444 1259 541 1302 volucres
550 1260 643 1303 Ariadna
653 1264 748 1307 marines

171 1332 241 1381 Pavit.
251 1332 273 1373 in
283 1331 357 1386 ignoto
367 1332 412 1374 sola
423 1333 495 1375 relicta
504 1333 558 1377 loco.

142 1407 228 1465 Quaere.
240 1418 317 1446 novem
327 1418 366 1447 cur
375 1405 415 1449 isse
425 1406 469 1447 vius
478 1407 573 1457 dicatur;
583 1417 605 1450 et
614 1409 666 1451 audi

171 1477 277 1533 Depositis
286 1477 349 1519 silvas
360 1478 456 1534 Phyllida
468 1478 528 1520 flesse
537 1481 612 1522 comis.

140 1553 167 1594 dt
176 1550 259 1594 laruam
269 1551 354 1607 pietatis
363 1552 440 1602 habet3
454 1562 526 1595 tamen
537 1553 614 1610 hospes
624 1565 645 1598 et
655 1570 728 1600 ensem

170 1625 274 1677 Praebuit,
284 1635 306 1667 et
314 1639 403 1667 causam
414 1626 502 1677 mortis,
514 1626 590 1674 Elissa,
602 1637 650 1669 tue.

141 1699 198 1756 Quid
208 1713 245 1740 vos
255 1700 383 1754 perdiderit,
393 1701 478 1742 dicam?
488 1701 588 1743 Nescistis
598 1688 685 1746 amare

170 1772 243 1815 Defuit
252 1787 286 1815 urs
296 1774 362 1815 vobis.
372 1777 422 1816 Arte
432 1785 535 1829 perennat
544 1789 613 1817 umor.

142 1848 207 1890 Nunc
217 1860 303 1902 quoque
313 1848 434 1890 nescirent:
444 1850 481 1890 sed
491 1862 525 1889 me
534 1849 637 1905 Cytherea
647 1851 723 1896 docere

173 1921 253 1963 lussit:
264 1931 284 1963 et
294 1932 344 1964 aute
354 1922 428 1964 oculos
438 1923 534 1965 consitis
543 1923 588 1979 ipss
600 1938 666 1968 meos.

142 1997 198 2038 Tum
210 1995 275 2043 milri,
285 1997 341 2051 Quid
352 1998 446 2046 misere,
455 1998 520 2047 dixit,
531 2012 629 2041 meruere
638 2001 726 2056 puelle?

171 2069 273 2111 Traditur
282 2070 370 2111 armatis
381 2071 457 2126 vulgus
466 2071 548 2115 inerme
559 2074 614 2117 viris.

142 2142 192 2185 lllos
201 2141 293 2184 artifices
303 2143 382 2198 gemini
392 2144 461 2186 fecere
470 2144 548 2189 libelli:

173 2218 220 2259 llaec
228 2230 315 2273 quoque
324 2231 373 2273 pars
382 2220 471 2264 monitis
480 2221 599 2267 erudienda
608 2225 658 2268 tuis.
