1650 2584
124 174 167 227 3¹4
349 175 533 217 rtsrottura
686 192 709 220 v.
722 179 778 233 64³.

124 262 212 304 Arcadis
220 262 311 305 Evandri
322 276 402 305 nomen
413 263 451 307 tibi
461 277 516 320 saepe
525 263 629 308 refertur:

152 332 190 376 iile
199 348 258 377 meas
268 334 333 376 remis
342 336 424 377 advena
435 335 497 378 torsit
505 350 580 391 aquas.

124 408 190 450 Venit
199 418 220 450 et
228 408 322 457 Alcides,
332 410 396 451 turba
406 408 522 451 comitatus
531 409 618 452 Achiva.

152 479 240 531 Albula,
250 480 267 522 si
278 480 379 530 memini,
390 490 442 523 tune
452 480 507 522 mibi
517 495 598 524 nomen
608 492 662 526 erat.

123 554 205 610 Excipit
214 554 307 609 hospitio
313 554 418 609 juvenem
428 554 544 597 Pallantius
553 555 629 598 heros:

151 628 176 668 Et
186 628 274 669 tandem
284 629 340 669 Caco
349 627 422 670 debita
431 641 494 682 prena
503 628 569 670 venit.

124 699 200 742 Victor·
209 700 264 750 abit,
274 713 391 754 secumque
400 700 476 749 boves,
485 700 600 757 Erytheida
609 702 723 756 pradum,

153 773 274 814 tbstmhit:
285 783 308 814 at
316 773 406 815 comites
417 773 503 829 longius
512 774 544 816 irc
553 786 641 830 negant

124 847 244 901 blandaque
253 859 302 900 pars
311 845 392 887 berum
400 847 489 888 desertis
498 857 586 889 venerat
595 848 667 904 Argis:

154 918 264 960 Montibus
273 918 307 959 his
316 929 401 974 ponunt
410 933 515 975 spemque
526 922 646 976 Laremque
654 935 726 965 sunna
735 942 740 964 :

124 993 182 1047 Saepc
193 1002 266 1033 tamen
276 993 349 1048 patrie
358 991 417 1034 dulei
427 1003 547 1049 tanguntur
556 1007 643 1046 umore;

152 1069 221 1122 Atque
230 1066 307 1122 aliquis
317 1067 411 1109 moriens
421 1069 462 1110 boc
473 1069 536 1110 breve
546 1069 638 1112 mandat
647 1083 717 1125 opus:

123 1138 201 1181 Mittite
211 1153 246 1180 mc
255 1139 339 1180 Tiberi:
350 1140 456 1182 Tiberinis
465 1150 537 1183 vectus
548 1150 573 1184 ut
582 1142 646 1184 undis
715 1180 721 1187 .

152 1210 211 1253 Litus
221 1211 248 1251 ad
257 1211 369 1252 Inachium
380 1212 450 1266 pnivis
460 1213 530 1254 inanis
539 1227 595 1255 eam.

122 1284 223 1340 Displicet
232 1284 304 1325 heredi
315 1286 412 1327 mandati
422 1300 474 1327 cura
483 1286 586 1342 sepulcri:

152 1361 251 1400 Mortuus
260 1358 354 1401 Ausonia
363 1359 465 1402 conditur
475 1360 552 1417 hospes
560 1360 637 1403 humo.

123 1433 207 1488 Seirpca
218 1445 257 1487 pro
266 1432 356 1474 domiuo
366 1432 437 1474 Tiberi
443 1434 541 1489 jactatur
550 1435 635 1491 imago,

152 1510 179 1549 Ut
188 1517 269 1563 repetat
278 1507 351 1550 Graias
361 1522 399 1563 per
408 1507 464 1550 freta
473 1508 537 1565 ionga
546 1509 630 1551 domos.

122 1583 242 1624 Hactenus:
253 1590 278 1622 ut
287 1580 334 1621 vivo
343 1581 410 1622 subiit
420 1582 515 1623 rorantia
525 1595 576 1625 saxo

87 1670 97 1709 j
151 1660 229 1706 Antra,
238 1654 293 1696 leves
302 1668 391 1697 cursum
401 1654 534 1698 sustinuistis
542 1668 610 1710 aquae.

120 1805 192 1845 Crisa
200 1816 267 1858 nepes
277 1802 377 1853 Atlantis,
388 1804 451 1845 ades:
461 1817 527 1859 quem
538 1804 651 1847 montibus
661 1805 717 1849 oiim

151 1876 222 1919 Edidit
232 1875 325 1918 Arcadiis
332 1876 398 1918 Pleias
409 1891 453 1918 una
462 1876 523 1921 dori:

121 1950 181 1992 Pacis
190 1960 211 1992 et
220 1963 344 1999 armorum,
354 1950 437 2006 superis
446 1950 538 2006 imisque
547 1952 643 1995 Deorum

151 2022 246 2071 Arbiter,
256 2022 314 2065 alato
323 2022 361 2077 qui
370 2024 423 2078 pede
433 2006 502 2079 carpis
512 2024 562 2067 iter:

121 2098 176 2139 Late
187 2096 236 2152 lyrae
245 2094 321 2150 pulsu,
331 2095 399 2138 nitida
408 2110 495 2152 quoque
505 2097 552 2140 laete
561 2097 672 2154 palestra:

151 2173 199 2229 Quo
208 2169 282 2212 didicit
292 2170 348 2213 culte
359 2170 432 2228 lingua
443 2171 528 2215 favente
537 2172 603 2229 ioqui.
