1650 2584
121 152 163 192 aas
351 149 535 190 Fastorum
680 161 700 188 v.
713 149 771 201 490.

151 239 230 282 Omnia
238 253 243 278 :
249 238 297 296 jam
308 238 381 294 vigiles
390 239 514 283 conticuere
524 251 593 280 canes.

107 312 168 361 atta
174 313 234 368 jacet
244 314 296 355 vasti
306 327 371 368 super
380 326 418 353 ora
428 313 540 369 Typhoeos
549 316 622 363 Erue,

151 385 218 440 Cujus
228 367 333 428 anhetaiis
343 385 429 441 ignibus
439 385 500 426 ardet
508 385 597 426 humus.

120 458 167 500 Illic
176 459 275 501 accendit
284 459 380 515 geminas
390 472 430 513 pro
439 458 538 514 lampade
549 458 625 514 pinus:

152 533 205 574 Hinc
214 533 294 575 Cereris
305 532 372 575 sacris
379 546 438 574 nunc
448 546 535 587 qnoque
546 533 599 574 taeda
608 532 680 574 datur.

123 607 158 647 Est
168 619 244 660 specus
253 605 308 647 exesi
318 615 427 647 structura
436 605 529 660 pumicis
539 619 611 661 asper;

153 682 202 722 Non
212 679 297 721 homiui
308 681 377 735 regin.
386 694 431 721 nnn
441 681 541 721 adeunda
551 679 614 721 ferae:

123 755 172 809 Quo
181 754 247 795 simui
257 768 282 795 ac
292 753 360 803 venit,
371 752 467 795 frenatos
475 754 576 795 curribus
585 767 666 809 angues

152 825 238 882 iungit,
247 836 269 869 ct
278 841 387 882 (equoreas
396 827 452 868 sicca
462 837 556 882 pererrat
565 841 639 882 aquas.

123 899 206 955 Effugit
216 910 238 942 ct
246 902 326 956 Syrtes,
337 910 359 942 et
368 911 399 948 te,
410 900 506 942 Zanclaea
515 901 634 958 Charybdi;

154 977 179 1017 Et
189 988 236 1025 vos,
246 974 321 1023 Nisei,
331 975 437 1030 naufraga
446 985 554 1024 monstra.
565 976 641 1026 canes;

126 1049 299 1104 Hadriacumque
309 1049 447 1105 patrensium,
457 1049 608 1104 bimaremque
617 1049 748 1093 Corinthon.

154 1124 187 1167 Sic
198 1125 255 1166 venit
264 1124 291 1165 ad
302 1134 387 1180 portus,
398 1125 467 1167 Attica
477 1135 544 1173 terra,
555 1134 610 1166 tuos.

125 1198 162 1241 ttic
171 1197 269 1253 primum
279 1197 333 1240 scdit
343 1197 413 1252 gelido
425 1198 560 1240 moesrissima
570 1212 635 1239 saxo:

155 1271 210 1314 lilud
220 1270 340 1325 Cecropidae
350 1285 409 1313 nunc
419 1286 507 1327 quoque
518 1271 577 1314 triste
587 1281 681 1327 vocant..

127 1344 171 1387 Sub
181 1346 232 1386 Jove
242 1344 328 1385 duravit
337 1342 412 1385 multis
422 1343 515 1387 immota
524 1344 613 1396 diebus,
649 1376 652 1384 .

156 1419 182 1459 Et
192 1419 255 1459 Lunae
265 1416 360 1472 patiens,
371 1426 392 1458 et
402 1416 500 1472 pluvialis
509 1429 576 1472 aque.

127 1494 178 1534 Fors
188 1505 227 1534 sua
237 1490 315 1546 cuique
325 1489 372 1532 loco
381 1500 426 1532 est:
437 1505 481 1545 quo
491 1503 549 1532 nunc
557 1489 649 1532 Cerealis
658 1489 761 1545 Eleusin,

158 1564 241 1607 Dicitur·
250 1564 290 1605 hoc
300 1564 355 1606 Celei
366 1578 417 1605 rura
427 1563 493 1606 fnisse
502 1564 565 1606 senis.

128 1638 166 1681 Ille
176 1640 267 1680 domum
278 1636 376 1693 glandes,
387 1651 517 1692 excussaque
529 1650 590 1678 mora
600 1637 683 1680 rubetis

159 1716 242 1765 Portat,
252 1722 274 1754 ct
282 1713 362 1754 arsuris
371 1712 431 1754 arida
442 1712 499 1767 ligna
509 1712 568 1754 focis.

69 1804 72 1809 ’
130 1787 184 1831 titia
193 1801 259 1843 parva
269 1787 323 1828 duas
332 1786 443 1842 redigebat
452 1800 505 1841 rupe
515 1785 618 1841 capelias,

159 1863 185 1903 Et
195 1871 254 1902 tener
264 1859 287 1901 iu
296 1860 357 1902 cunis
367 1860 425 1902 filius
434 1873 489 1914 aeger
498 1869 549 1902 erat.

131 1937 207 1981 Mater.
217 1934 247 1976 ait
257 1934 316 1990 virgo
325 1932 400 1989 (mota
409 1944 441 1976 est
452 1936 493 1975 Dea
503 1933 592 1975 nomine
602 1933 707 1992 matris),
779 1967 782 1971 .

160 2008 217 2065 Quid
227 2007 280 2050 facis
290 2008 311 2049 in
321 2008 372 2049 sniis
381 2008 508 2051 incomitata
514 2008 586 2064 jugis?

131 2081 216 2125 Restitit
226 2090 247 2123 et
256 2081 334 2129 senior,
344 2083 444 2137 quamvis
453 2096 509 2124 onus
520 2092 591 2137 urget3
602 2091 624 2124 et
633 2092 683 2126 orat

160 2157 224 2198 Tecta
233 2168 276 2197 suae
285 2156 363 2199 subeat
371 2156 564 2213 quantulacunque
574 2170 634 2199 case.
