1650 2584
83 199 102 224 v.
117 188 164 224 151.
208 213 210 218 .
325 180 426 223 LIBER
443 179 475 219 ll.
679 176 715 217 rtr

83 274 116 314 Ne
126 270 201 313 fallare
211 278 297 321 tamen,
306 279 388 311 restant
397 268 436 310 tibi
445 266 537 323 frigora,
548 276 638 320 restant;

111 348 232 401 Magnaque
242 344 352 387 discedens
362 342 423 399 sigua
432 342 535 398 relinquit
543 341 619 384 hiems.

83 492 166 532 Tum
176 502 219 530 nor
229 490 312 531 veniat:
322 488 440 531 Custodem
449 487 548 543 protinus
556 489 613 530 Ursae

111 562 220 618 Adspicies
229 562 326 618 geminos
336 561 453 603 exseruisse
462 561 532 617 pedet.

84 636 144 676 Inter
153 634 312 690 Hamadryadas
318 667 323 681 ,
330 632 525 688 jaculatricemque
534 632 635 683 Dianam,

115 707 203 750 callisto
212 707 266 749 sacri
277 721 325 762 pars
335 706 378 749 fuit
387 721 431 749 una
441 705 508 748 chori.

84 781 124 823 Illa
134 782 181 822 Deae
191 790 279 836 tangens
288 794 361 830 arcus,
371 782 431 838 Quos
441 779 560 836 tangimus,
570 793 644 832 arcus,

115 857 164 897 Este
173 868 227 896 mete
236 864 298 897 testes
307 854 445 911 virginitatit,
455 854 491 897 ait.

86 927 178 984 Cynthia
189 927 293 978 laudavit;
305 927 454 983 Promissaque
464 925 543 969 foedera
552 939 623 977 serva,

116 1002 143 1043 Et
151 1000 259 1042 comitum
269 1000 368 1056 princeps
378 1010 402 1043 tu
412 1000 477 1050 mihi,
487 1000 551 1050 dixit,
560 1000 608 1042 eris.

87 1075 175 1117 federa
184 1084 297 1123 servasset,
306 1075 324 1115 si
334 1088 378 1116 non
388 1074 484 1116 formosa
494 1073 575 1116 fuisset.

115 1148 177 1191 Cavit
186 1147 288 1189 mortales
297 1162 302 1186 ε
311 1148 337 1189 de
346 1150 397 1189 love
406 1148 489 1189 crimen
498 1148 571 1191 habet

88 1220 146 1263 Mille
156 1219 212 1261 feras
222 1219 298 1262 Phoebe
307 1219 364 1261 silvis
374 1229 450 1262 venata
460 1220 553 1273 redibat;

118 1292 230 1348 Ampius,
240 1302 277 1334 aut
288 1292 385 1334 medium
394 1292 442 1334 Sole
453 1302 538 1335 tenente
547 1293 611 1336 diem.

89 1371 117 1412 Ut
126 1367 196 1424 tetigit
205 1367 280 1409 lucum
290 1366 369 1423 (densa
379 1366 440 1422 niger
450 1366 496 1408 ilice
505 1366 578 1418 lucus;

117 1445 143 1484 ln
153 1442 225 1484 medio
234 1441 307 1497 gelide
317 1440 366 1483 fons
375 1451 421 1484 erat
429 1440 485 1483 altus
496 1441 581 1496 aquae),

90 1518 145 1565 flac,
156 1516 196 1561 ait.
207 1514 302 1564 insilia,
312 1514 371 1569 virgo
380 1516 477 1570 Tegeaea,
488 1514 591 1556 lavemur.

120 1588 214 1632 Erubuit
223 1586 277 1628 falso
287 1586 373 1641 virginis
382 1586 419 1627 illa
428 1600 489 1628 sono.

90 1663 177 1706 Dixerat
186 1671 208 1703 et
217 1661 336 1717 Nymphis:
345 1661 452 1717 Nymphae
461 1660 567 1703 velamina
577 1672 668 1717 ponunt.

122 1738 181 1780 lianc
190 1735 268 1791 pudet,
278 1744 299 1776 et
308 1735 374 1776 tardae
383 1735 420 1777 dat
430 1734 487 1776 mala
496 1735 556 1790 signa
567 1749 639 1779 morae.

92 1814 187 1856 Exueret
197 1807 293 1850 tunicas:
303 1807 358 1849 uteri
369 1806 484 1850 manifesta
495 1817 591 1860 tumore,

122 1881 223 1926 Proditur
231 1880 311 1922 indicio
319 1881 421 1937 ponderis
429 1881 474 1936 ipsa
484 1881 524 1922 sui.

91 1960 134 2005 Cui
144 1960 197 2006 Dea,
207 1956 330 2012 Virgineus,
340 1956 427 2012 perjura
437 1956 539 2013 Lycaoni,
549 1967 615 2000 coetus

123 2034 211 2076 desere,
221 2042 260 2071 nec
269 2040 337 2072 castas
346 2029 430 2085 pollue,
440 2029 503 2081 dixit,
513 2044 586 2085 aquas.

92 2110 156 2152 Luna
166 2116 248 2146 novum
257 2104 326 2146 decies
335 2103 435 2159 implerat
443 2103 545 2146 cornibus
555 2104 644 2147 orbem:

124 2182 178 2237 Quae
187 2177 259 2221 iuerat
267 2178 326 2234 virgo
335 2179 427 2232 credita,
436 2187 507 2222 mater
514 2187 567 2221 erat.
