1650 2584
97 218 135 258 180
323 215 505 256 FASTORUM
647 231 667 259 v.
683 222 733 261 126.

122 306 235 350 Ponderis!
244 305 304 346 heroi
315 319 347 346 res
356 315 402 347 erat
410 306 450 347 isra
461 306 527 361 pedis.

93 381 169 422 Sancte
180 380 240 419 Pater
248 376 332 432 patrie,
342 376 381 418 tibi
389 376 461 428 Plebs,
472 377 510 420 tibi
519 378 584 421 Curia
593 393 676 423 nomen

123 447 166 495 Hoc
176 452 243 498 dedi1;
253 450 295 491 hoc
304 451 403 492 dedimus
411 465 452 494 nos
462 451 501 494 tibi
511 467 592 495 nomen
601 456 676 510 Eques.

93 529 132 569 Res
143 535 215 567 tamen
225 532 274 564 ante
284 522 347 563 dedit.
358 523 408 563 Sero
418 537 505 579 quoque
513 538 563 567 vera
573 525 640 568 tulisti

123 596 229 639 Nomina:
238 594 285 650 jam
296 594 378 649 pridem
389 606 414 636 ru
424 597 485 638 Pater
494 597 552 638 orbis
562 611 615 640 eras.

93 673 137 712 Hoc
147 680 171 712 tu
180 681 218 723 per
227 676 304 717 terras,
314 668 373 721 quod
383 668 405 709 in
416 668 494 710 ethere
502 670 586 725 Jupiter
595 669 639 713 alto

123 747 210 785 Nomen
219 741 291 783 habes.
301 741 420 783 Hominum
431 752 454 784 ru
464 753 531 799 pater,
541 743 576 787 ille
585 747 654 788 Deum

95 816 196 866 Romule,
206 815 323 857 concedas:
334 813 386 856 facit
395 815 430 856 hic
441 826 478 858 tua
488 831 568 873 magna
577 819 659 862 tuendo

123 888 211 938 Moenia3
223 897 246 930 ru
256 889 343 929 dederas
354 888 492 931 transilienda
501 893 574 934 Remo.

94 965 123 1006 Tc
132 963 217 1012 Tatius,
226 961 329 1017 porrique
338 962 414 1010 Cures,
424 962 552 1019 Caeninaque
561 964 639 1007 sensit:

123 1040 166 1080 Hoc
176 1038 231 1078 duce
239 1037 363 1077 Romanum
372 1045 404 1077 est
412 1036 466 1078 Solis
476 1046 595 1094 utrumque
605 1038 668 1081 latus.

96 1114 129 1154 Tu
139 1112 201 1152 breve
211 1109 282 1151 nescio
292 1108 344 1163 quid
353 1109 413 1150 victee
424 1107 506 1151 telluris
515 1109 622 1152 habebas:

124 1183 272 1240 Quodcunque
282 1191 313 1221 est
323 1179 366 1221 alto
375 1181 417 1221 sub
426 1183 488 1230 Jove,
497 1184 566 1224 caesar
575 1182 647 1225 habet.

95 1258 129 1300 Tu
138 1255 193 1311 rapis
202 1271 206 1295 :
216 1254 251 1295 hic
260 1263 328 1295 castas
338 1254 392 1295 duce
402 1268 424 1295 se
430 1254 496 1309 jubet
505 1269 549 1297 esse
558 1255 654 1299 maritas.

124 1333 158 1373 Tu
167 1328 242 1384 recipis
253 1327 313 1378 luco,
322 1328 438 1370 submovet
446 1328 482 1370 ille
491 1328 558 1371 nefas.

95 1407 132 1449 Vis
142 1404 181 1447 tibi
191 1413 251 1459 grata
260 1400 314 1443 fuit:
325 1401 403 1444 florent
412 1402 454 1443 sub
463 1404 543 1445 Caesare
553 1402 615 1461 leges.

123 1479 156 1519 Tu
165 1473 250 1518 Domini
260 1486 352 1522 nomen,
361 1473 463 1528 Principis
473 1473 507 1515 ille
518 1484 582 1518 tenet.

95 1550 124 1593 Te
132 1553 211 1592 Remus
221 1547 318 1588 incusat:
328 1546 413 1587 veniam
424 1547 481 1589 dedit
491 1546 589 1590 hostibus
598 1547 641 1591 ille.

124 1623 235 1667 Coelestem
245 1620 325 1663 fecitte
335 1630 409 1676 pater:
419 1620 454 1662 ille
463 1631 554 1676 patrem.

96 1773 140 1814 lm
150 1783 204 1825 puer
212 1768 279 1810 idaeus
289 1766 360 1809 media
370 1775 432 1808 renus
441 1766 522 1809 eminet
531 1766 591 1820 alvo,

124 1848 149 1887 Et
158 1841 249 1898 liquidas
259 1840 326 1882 mixto
335 1850 421 1881 nectare
431 1837 503 1882 fundit
512 1854 585 1895 aquas.

96 1919 127 1960 Eu
137 1916 214 1963 etiem,
225 1914 241 1954 si
251 1915 298 1968 quis
309 1915 388 1954 Borean
398 1913 486 1954 horrere
495 1912 588 1963 solebat,

125 1989 233 2031 Gaudeat:
243 2001 256 2028 a
266 1987 366 2043 Zephyris
376 1985 463 2028 mollior
472 1999 525 2027 aura
535 1985 598 2028 venit.

97 2135 195 2192 Qumrns
205 2130 233 2171 ab
242 2131 345 2184 equoreis
354 2130 448 2172 nitidum
455 2128 522 2186 jubar
532 2129 607 2174 extulit
616 2130 682 2176 undis

126 2203 217 2256 Lucifer,
226 2211 247 2245 et
256 2203 320 2257 primi
331 2213 429 2259 tempore
437 2204 492 2247 veris
500 2214 560 2248 cunt
