1650 2584
126 204 167 246 ²9⁰
353 189 536 232 FASTORUM
700 206 773 234 mi.

124 280 150 320 Et
159 276 215 320 letus
225 278 309 319 Oceano
318 276 434 332 quisquam
444 278 499 319 Dens
509 278 590 318 advena
597 275 686 331 junxit:

153 351 232 408 Tethys
241 362 263 393 et
272 361 368 394 extremo
377 365 432 407 sepe
443 361 527 407 recepta
537 351 585 393 ioco
593 361 633 393 est.

126 428 197 469 lionec
208 429 290 476 iionos,
300 426 427 482 placidoque
436 427 513 468 decens
524 426 647 469 Reverentia
657 426 738 479 vultu.

155 503 249 556 Corpora
258 500 359 556 legitimis
367 500 490 555 imposuere
501 500 560 543 toris.

126 575 178 616 flinr
188 585 233 616 sats
244 572 353 630 Majestns;
365 575 403 615 hos
412 583 445 617 est
454 576 496 616 Dea
506 588 570 616 eeusn
578 584 695 629 parentes:

155 649 245 704 Quoque
254 647 288 688 die
298 657 361 703 partu
371 657 403 689 est
412 648 481 696 edita.
492 661 571 703 magna
580 645 629 689 fuis

126 723 170 764 Nec
181 735 242 763 mors
251 738 255 763 :
265 722 362 764 consedit
371 722 443 764 medio
452 720 552 764 sublimis
561 720 665 778 Olympo,

155 798 235 840 Aures.
245 807 355 849 purpureo
365 793 515 849 conspiciende
525 792 582 835 sinn.

126 869 245 911 Consedere
254 867 319 909 simui
330 869 400 910 Pudor
409 877 432 910 et
442 869 517 910 Metus.
527 870 596 910 Omne
605 867 690 911 videres

156 943 244 983 Numen
254 942 281 983 ad
291 942 347 983 bane
357 941 429 983 cuitus
439 941 587 997 composuisse
596 954 654 982 snos.

126 1015 226 1057 Protinus
236 1015 323 1057 intravit
333 1024 415 1058 mentes
424 1026 535 1071 suspectus
545 1015 670 1057 honorum:

156 1090 189 1131 Fit
198 1090 292 1144 pretium
301 1089 382 1145 digni&
392 1102 432 1132 nec
442 1089 482 1132 sibi
492 1089 584 1145 quisque
592 1089 671 1145 placet

127 1163 165 1206 nic
175 1172 243 1204 status
251 1162 274 1203 in
283 1162 337 1204 eoelo
347 1162 429 1204 inuitos
438 1163 558 1219 permansit
566 1163 589 1204 in
599 1175 680 1215 annos;

157 1237 212 1276 Dum
223 1234 294 1276 senior
304 1233 353 1277 iatis
361 1235 441 1279 excidit
449 1249 497 1278 eree
508 1238 569 1278 Deus.

128 1309 193 1351 'ferra
203 1306 259 1349 feros
267 1317 353 1363 partus.
363 1308 470 1351 immanis
480 1318 588 1360 monstra,
597 1307 703 1364 cifimus

157 1379 238 1428 Edidit,
247 1393 339 1423 ausuros
348 1380 371 1422 in
379 1381 437 1422 iovis
447 1381 478 1423 ire
486 1381 586 1422 domum.

129 1454 187 1498 stine
197 1467 276 1497 manns
284 1454 327 1496 illis
336 1454 406 1505 dedit,
415 1465 437 1497 et
446 1468 486 1510 pro
495 1455 595 1497 cruribus
604 1468 699 1509 sngues3

160 1532 228 1586 Atque
237 1530 277 1577 nit,
288 1533 311 1571 in
321 1543 411 1585 magnos
421 1543 481 1572 nrmn
492 1539 576 1572 movete
587 1532 645 1571 Deos.

130 1607 242 1647 Exstruere
252 1604 274 1645 hi
284 1614 368 1647 montes
377 1605 484 1647 adsidere
494 1616 583 1646 summe
592 1605 715 1659 parebant,

95 1712 98 1717 .
160 1681 185 1721 Et
195 1692 300 1734 magnum
310 1678 367 1721 bello
376 1678 492 1722 sollicitare
499 1682 583 1721 iovem.

131 1752 231 1794 Fulmina
240 1752 267 1793 de
276 1753 322 1794 eoeii
328 1752 440 1809 jaculatus
447 1752 532 1808 iupiter
540 1765 601 1803 erce,

161 1826 230 1869 Vertit
239 1826 262 1867 in
272 1837 369 1869 auctores
378 1827 475 1882 pondera
485 1835 544 1868 rasta
552 1839 610 1868 snos.

132 1900 167 1942 uis
178 1901 232 1941 bene
243 1899 340 1955 najesras
349 1899 416 1941 armis
425 1899 512 1942 defensa
522 1902 616 1941 Deorum
690 1900 701 1915 *

160 1975 242 2023 lieston
252 1982 274 2014 et
282 1987 307 2014 ex
317 1973 354 2015 iiio
364 1982 461 2027 ternpore
472 1973 535 2015 firma
544 1981 624 2015 menet.

131 2045 217 2088 Adsidet
226 2045 263 2088 ilia
271 2046 318 2087 iovi
326 2061 331 2085 :
341 2045 399 2088 iovis
407 2058 440 2088 est
449 2046 552 2089 fidissima
562 2054 648 2087 custos:

160 2121 186 2179 Et
194 2129 280 2175 prestet
288 2120 334 2162 sine
343 2120 364 2163 vi
373 2130 457 2176 sceptra
468 2121 560 2163 tenenda
566 2119 621 2162 Jori.
