1650 2584
127 201 154 240 δι
291 195 391 237 tutis
409 194 595 238 AMATOMAE
685 198 773 253 v.346.

154 286 255 341 Ignotum
265 282 306 326 hoc
316 282 363 326 aliis
372 282 407 325 ille
417 284 507 326 novavit
515 296 577 340 opus.

124 361 141 402 0
150 358 190 409 ita,
203 358 289 407 Phoebe,
299 356 362 405 veiis;
372 356 403 399 ita
412 370 460 406 vos,
470 357 505 412 pia
515 357 607 399 numina
616 366 708 409 vatum,

153 431 244 488 insignis
253 444 322 474 cornu
330 430 423 481 Bacche,
432 443 554 485 novemque
563 432 620 473 nee!

125 506 177 562 Quis
186 505 281 554 dubitet,
290 504 344 559 quin
353 503 407 546 scire
416 502 481 545 veiim
490 503 568 546 saltere
577 503 687 559 puessunr3

154 581 182 621 Ut
191 587 276 620 moveat
284 577 354 633 posito
363 576 451 618 brachia
457 575 520 632 jussa
529 582 602 619 mero]

125 650 221 694 Artifices
231 649 313 700 lateris,
323 662 390 691 scenae
399 647 532 704 spectacula,
543 658 656 692 amantur:

154 726 249 766 Tantum
260 721 368 765 mobilitas
378 721 414 764 illa
423 721 506 764 decoris
515 722 588 764 hahet.

123 800 190 840 Parva
201 810 287 838 monere
297 797 374 852 pudet:
386 795 481 839 talorum
490 797 568 838 ducere
574 795 648 852 jactus

154 875 182 915 Ut
190 871 254 923 sciat,
264 881 285 914 et
294 871 358 923 vires,
369 880 448 914 tessera
457 871 532 923 missa,
542 880 597 914 tuas.

124 947 150 988 Et
160 946 226 987 modo
235 956 276 988 tres
282 944 351 1001 jactet
360 958 463 987 numeros
472 960 477 985 :
487 945 553 986 modo
563 945 653 1000 cogitet,
663 956 716 1002 epte

153 1020 224 1076 Quam
233 1019 309 1060 subeat
317 1027 401 1073 partem
410 1017 498 1069 callida,
508 1031 619 1074 quamque
628 1029 698 1062 vocet.

125 1092 236 1145 Cautaque
245 1104 289 1132 non
299 1089 364 1133 stulte
373 1089 484 1133 latronum
494 1090 567 1146 praelia
576 1090 648 1134 ludat:

150 1167 209 1208 Unus
218 1176 287 1220 quum
297 1164 383 1220 gemino
392 1164 488 1207 calculus
498 1165 559 1208 hoste
568 1165 630 1220 perit.

122 1240 254 1294 Bellatorque
264 1253 303 1281 sua
312 1252 401 1294 prensus
411 1239 457 1281 sine
466 1253 568 1295 compare
577 1239 653 1292 bellan

152 1314 248 1357 AEmuius
257 1325 279 1356 et
289 1323 384 1369 coeptum
394 1328 449 1370 saepe
460 1315 551 1357 recurrit
559 1315 606 1357 iter.

122 1386 260 1442 Reticuloque
266 1386 316 1443 'pilae
326 1386 381 1428 leves
391 1385 513 1429 fundantur
521 1397 606 1443 aperto:

150 1462 206 1510 Nec,
215 1458 255 1501 nisi
265 1472 332 1514 quam
342 1457 413 1509 tolles,
423 1458 468 1501 ulia
477 1460 583 1501 movenda
592 1458 636 1516 pila
645 1471 684 1503 est.

118 1535 155 1577 Est
164 1546 230 1588 genus
239 1532 261 1573 in
272 1531 362 1573 totidem
372 1531 431 1573 tenui
441 1531 523 1574 ratione
533 1533 645 1574 redactum

148 1605 264 1662 Scriptula‚
273 1615 327 1661 quot
337 1618 421 1647 menses
430 1604 526 1647 lubricus
535 1618 605 1647 annus
615 1606 688 1649 habet.

118 1682 184 1724 Parva
194 1679 270 1722 tabella
280 1679 337 1735 capit
347 1689 419 1722 ternos
428 1678 529 1734 utrinque
538 1672 633 1735 lapiiios;

148 1755 172 1794 lu
182 1766 224 1807 qua
234 1751 307 1794 vicisse
317 1761 360 1802 est,
369 1751 506 1794 continuasse
515 1765 572 1793 suos.

119 1824 177 1868 Mitte
186 1824 264 1867 facesse
270 1824 345 1880 jocos:
356 1833 418 1881 turpe
427 1834 459 1867 est
468 1825 548 1868 nescire
557 1824 654 1881 pueliam

146 1898 240 1940 Ludere:
250 1898 344 1941 iudendo
353 1911 408 1953 saepe
417 1907 506 1953 paratur
514 1910 583 1940 amor.

118 1973 157 2016 Sed
168 1971 272 2013 minimus
281 1970 342 2013 labor
352 1981 394 2022 est,
404 1972 511 2027 sapienter
515 1971 612 2027 jactibus
621 1971 662 2015 uti.

147 2045 188 2100 Maj
193 2059 217 2087 us
226 2059 292 2100 opus,
302 2059 372 2088 mores
381 2045 527 2101 composuisse
536 2059 594 2088 suos.

116 2121 173 2163 Dum
182 2132 258 2161 sumus
267 2118 359 2168 incauti,
368 2121 483 2177 studioque
492 2121 603 2178 aperimur
612 2121 635 2163 in
645 2122 705 2179 ipso,

145 2192 252 2248 Nudaque
260 2205 299 2248 per
306 2192 366 2237 lusus
375 2203 463 2250 pectora
471 2204 545 2239 nostra
554 2204 640 2252 patent3
