1650 2584
22 183 24 187 ·
55 173 140 228 ceap.
294 178 394 220 aroer
410 179 454 221 vr.
633 185 693 226 ‚aas

57 263 124 304 Venit
133 263 155 304 iu
165 263 204 306 bos
213 278 282 308 annos
291 265 372 322 aliquid
381 269 407 310 de
417 280 583 314 morevetusto:

87 338 136 379 Fert
145 337 220 380 missos
230 340 299 382 Vestae
308 353 363 395 pura
372 341 450 396 patella
459 343 525 386 eibos.

56 483 125 532 Ecca,
135 484 243 526 coronatis
252 485 313 540 panis
322 485 429 542 dependet
438 484 517 540 asellis;

87 558 114 599 Et
123 556 194 600 velant
203 560 288 602 scabras
298 560 374 603 florida
383 572 440 605 serta
449 563 524 606 molas.

57 631 109 674 Sola
114 633 178 687 >prius
188 633 257 677 furnis
267 637 378 678 torrebant
388 635 445 678 tarra
453 638 536 691 coloni,-

88 706 115 746 lit
124 707 233 750 Fornacali
243 719 294 752 suut
303 724 342 752 sua
351 724 411 752 sacra
421 712 471 753 deae.

57 780 200 836 suppositum
210 783 276 826 cineri
286 799 364 841 panem
375 785 437 828 iocus
446 787 491 842 ipse
500 788 601 843 parabat;

88 854 201 910 Strataque
210 867 256 900 erat
266 859 336 914 tepido
347 859 418 915 tegula
428 875 505 916 quassa
514 861 566 904 solo.

58 927 112 969 lude
122 927 196 971 focum
206 942 275 975 servat
285 934 358 989 pistor,
368 935 524 991 dominamque
534 935 646 989 focorum,

88 1003 115 1044 Et
123 1016 170 1057 qun
179 1005 289 1061 pumiceas
299 1017 369 1050 versat
378 1008 442 1051 asella
452 1010 527 1052 molas.

60 1151 210 1203 ruriam,
219 1152 339 1196 referamne
351 1164 426 1205 tuum,
437 1156 556 1200 rubicunde
565 1158 650 1214 Priape,

89 1223 196 1265 Dedecust
206 1235 237 1268 est
246 1228 310 1272 multi
320 1228 394 1271 fabula
404 1229 466 1285 plena
473 1230 526 1286 joci.

60 1297 178 1351 'surrigere
188 1298 281 1344 frontem
291 1303 368 1360 Cybele
377 1305 478 1347 redimita
488 1319 569 1347 corona

90 1372 200 1415 Convocat
208 1384 297 1418 aternus
308 1377 335 1418 ad
345 1392 385 1419 sua
394 1378 449 1420 festa
457 1380 515 1421 deos.

60 1447 173 1490 Convocat
181 1455 203 1488 et
212 1447 308 1503 Satyros,
318 1458 350 1499 et,
360 1450 441 1491 rustica
450 1451 553 1501 numina,
563 1452 686 1509 Nymphaea

92 1516 187 1568 Silenus,
196 1520 295 1575 quamvis
304 1535 369 1563 nemo
380 1531 477 1571 vocarat,
487 1524 553 1566 adest.
570 1526 573 1533 '

60 1593 108 1635 Nee
119 1590 178 1641 lieet,
189 1602 210 1635 et
219 1592 308 1649 longum
318 1605 350 1637 est
358 1595 432 1649 epulas
442 1609 530 1638 narrare
539 1597 642 1640 deorum:

92 1667 118 1707 ln
128 1665 199 1708 multo
208 1679 250 1708 nor
260 1677 291 1710 est
300 1668 424 1724 pervigilata
435 1683 506 1730 mero„

60 1742 88 1786 lli
98 1752 179 1785 temere
188 1743 289 1787 errabant
298 1744 320 1786 in
330 1758 401 1800 opacae
411 1744 502 1788 vallibus
512 1746 566 1789 lda:

91 1820 142 1860 Pars
147 1817 217 1873 jacet,
228 1830 249 1862 et
258 1820 319 1862 molli
329 1821 426 1876 gramine
436 1822 535 1864 membra
544 1821 607 1865 levat.

60 1891 88 1935 lli
97 1890 189 1942 ludunt,
198 1892 238 1935 bes
247 1906 337 1937 somnus
347 1895 426 1937 habet:
437 1909 486 1951 pars
496 1895 583 1938 brachia
592 1898 669 1950 nectit,

91 1964 118 2005 Et
127 1963 217 2007 viridem
227 1965 290 2007 celeri
301 1976 332 2009 ter
341 1968 394 2023 pede
404 1968 476 2024 puisat
485 1968 586 2011 humum.

61 2038 129 2080 Vesta
135 2037 204 2093 jacet,
214 2039 365 2098 placidamque
374 2041 433 2099 capit
442 2056 517 2085 secura
526 2043 633 2098 quietem,

93 2110 153 2153 Sicut
161 2123 207 2155 erat
217 2114 312 2170 positum
323 2115 401 2172 cespite
411 2115 467 2159 fulta
477 2126 550 2173 eaput.

61 2186 91 2229 bt
101 2185 167 2226 ruber
175 2187 289 2233 hortorum
299 2201 372 2235 custos
381 2191 537 2248 Nymphasque
546 2192 642 2243 Deaeque
664 2162 666 2167 Ι

154 2271 182 2300 Η.
592 2276 618 2302 22
