<?xml version="1.0" encoding="UTF-8"?>
<!DOCTYPE html PUBLIC "-//W3C//DTD XHTML 1.0 Transitional//EN"
    "http://www.w3.org/TR/xhtml1/DTD/xhtml1-transitional.dtd">
<html xmlns="http://www.w3.org/1999/xhtml" xml:lang="en" lang="en">
 <head>
  <title>
</title>
<meta http-equiv="Content-Type" content="text/html;charset=utf-8" />
  <meta name='ocr-system' content='tesseract 3.04.00' />
  <meta name='ocr-capabilities' content='ocr_page ocr_carea ocr_par ocr_line ocrx_word'/>
</head>
<body>
  <div class='ocr_page' id='page_1' title='image "./opera01accugoog_0164.png"; bbox 0 0 1650 2584; ppageno 0'>
   <div class='ocr_carea' id='block_1_1' title="bbox 114 197 754 244">
    <p class='ocr_par' dir='ltr' id='par_1_1' title="bbox 114 197 754 244">
     <span class='ocr_line' id='line_1_1' title="bbox 114 197 754 244; baseline 0.006 -5"><span class='ocrx_word' id='word_1_1' title='bbox 114 198 154 240; x_wconf 79' lang='lat'><strong>166</strong></span> <span class='ocrx_word' id='word_1_2' title='bbox 341 197 522 240; x_wconf 79' lang='lat' dir='ltr'>FASTORUM</span> <span class='ocrx_word' id='word_1_3' title='bbox 669 213 688 241; x_wconf 78' lang='lat' dir='ltr'><strong>r.</strong></span> <span class='ocrx_word' id='word_1_4' title='bbox 703 202 754 244; x_wconf 80' lang='grc'><strong>588.</strong></span> 
     </span>
    </p>
   </div>
   <div class='ocr_carea' id='block_1_2' title="bbox 109 284 709 914">
    <p class='ocr_par' dir='ltr' id='par_1_2' title="bbox 139 284 588 328">
     <span class='ocr_line' id='line_1_2' title="bbox 139 284 588 328; baseline -0.002 0"><span class='ocrx_word' id='word_1_5' title='bbox 139 285 263 328; x_wconf 83' lang='lat' dir='ltr'><strong>Semimaris</strong></span> <span class='ocrx_word' id='word_1_6' title='bbox 273 285 368 328; x_wconf 74' lang='lat' dir='ltr'><strong>flammis</strong></span> <span class='ocrx_word' id='word_1_7' title='bbox 377 286 459 327; x_wconf 76' lang='lat' dir='ltr'><strong>viscera</strong></span> <span class='ocrx_word' id='word_1_8' title='bbox 468 284 588 328; x_wconf 82' lang='lat' dir='ltr'><strong>libatorio:</strong></span> 
     </span>
    </p>

    <p class='ocr_par' dir='ltr' id='par_1_3' title="bbox 111 358 672 489">
     <span class='ocr_line' id='line_1_3' title="bbox 111 358 672 416; baseline 0.002 -13"><span class='ocrx_word' id='word_1_9' title='bbox 111 358 242 416; x_wconf 81' lang='lat' dir='ltr'><strong>Redditaque</strong></span> <span class='ocrx_word' id='word_1_10' title='bbox 252 371 285 402; x_wconf 86' lang='lat' dir='ltr'><strong>est</strong></span> <span class='ocrx_word' id='word_1_11' title='bbox 293 360 365 402; x_wconf 87' lang='lat' dir='ltr'><strong>omnis</strong></span> <span class='ocrx_word' id='word_1_12' title='bbox 374 360 456 416; x_wconf 87' lang='lat' dir='ltr'><strong>populo</strong></span> <span class='ocrx_word' id='word_1_13' title='bbox 466 358 577 415; x_wconf 79' lang='lat' dir='ltr'><strong>provincia</strong></span> <span class='ocrx_word' id='word_1_14' title='bbox 585 368 672 414; x_wconf 81' lang='lat' dir='ltr'><strong>nostro;</strong></span> 
     </span>
     <span class='ocr_line' id='line_1_4' title="bbox 140 433 580 489; baseline 0 -14"><span class='ocrx_word' id='word_1_15' title='bbox 140 435 166 476; x_wconf 86' lang='lat' dir='ltr'><strong>Et</strong></span> <span class='ocrx_word' id='word_1_16' title='bbox 176 443 225 477; x_wconf 86' lang='lat' dir='ltr'><strong>tuus</strong></span> <span class='ocrx_word' id='word_1_17' title='bbox 234 437 331 489; x_wconf 67' lang='lat' dir='ltr'><strong>Augusto</strong></span> <span class='ocrx_word' id='word_1_18' title='bbox 341 433 430 475; x_wconf 84' lang='lat' dir='ltr'><strong>nornine</strong></span> <span class='ocrx_word' id='word_1_19' title='bbox 440 433 511 475; x_wconf 77' lang='lat' dir='ltr'><strong>dicius</strong></span> <span class='ocrx_word' id='word_1_20' title='bbox 520 446 580 476; x_wconf 83' lang='lat' dir='ltr'><strong>avus.</strong></span> 
     </span>
    </p>

    <p class='ocr_par' dir='ltr' id='par_1_4' title="bbox 109 506 619 635">
     <span class='ocr_line' id='line_1_5' title="bbox 109 506 619 563; baseline 0.004 -15"><span class='ocrx_word' id='word_1_21' title='bbox 109 506 194 562; x_wconf 76' lang='lat' dir='ltr'><strong>Perlege</strong></span> <span class='ocrx_word' id='word_1_22' title='bbox 203 507 315 563; x_wconf 85' lang='lat' dir='ltr'><strong>dispositas</strong></span> <span class='ocrx_word' id='word_1_23' title='bbox 325 520 428 563; x_wconf 71' lang='lat' dir='ltr'><strong>generosa</strong></span> <span class='ocrx_word' id='word_1_24' title='bbox 437 520 476 562; x_wconf 86' lang='lat' dir='ltr'><strong>per</strong></span> <span class='ocrx_word' id='word_1_25' title='bbox 484 507 539 549; x_wconf 86' lang='lat' dir='ltr'><strong>atria</strong></span> <span class='ocrx_word' id='word_1_26' title='bbox 548 521 619 558; x_wconf 83' lang='lat' dir='ltr'><strong>oeras;</strong></span> 
     </span>
     <span class='ocr_line' id='line_1_6' title="bbox 139 579 577 635; baseline 0.005 -14"><span class='ocrx_word' id='word_1_27' title='bbox 139 580 282 635; x_wconf 69' lang='lat' dir='ltr'><strong>Contigerunt</strong></span> <span class='ocrx_word' id='word_1_28' title='bbox 290 579 344 622; x_wconf 92' lang='lat' dir='ltr'><strong>nulli</strong></span> <span class='ocrx_word' id='word_1_29' title='bbox 355 580 445 622; x_wconf 88' lang='lat' dir='ltr'><strong>nomina</strong></span> <span class='ocrx_word' id='word_1_30' title='bbox 455 589 515 622; x_wconf 85' lang='lat' dir='ltr'><strong>tanta</strong></span> <span class='ocrx_word' id='word_1_31' title='bbox 524 580 577 623; x_wconf 84' lang='lat' dir='ltr'><strong>viro.</strong></span> 
     </span>
    </p>

    <p class='ocr_par' dir='ltr' id='par_1_5' title="bbox 111 651 614 782">
     <span class='ocr_line' id='line_1_7' title="bbox 111 651 614 705; baseline 0.002 -10"><span class='ocrx_word' id='word_1_32' title='bbox 111 651 183 695; x_wconf 74' lang='lat' dir='ltr'><strong>Africa</strong></span> <span class='ocrx_word' id='word_1_33' title='bbox 192 652 295 694; x_wconf 84' lang='lat' dir='ltr'><strong>victorem</strong></span> <span class='ocrx_word' id='word_1_34' title='bbox 304 654 331 695; x_wconf 88' lang='lat' dir='ltr'><strong>de</strong></span> <span class='ocrx_word' id='word_1_35' title='bbox 342 666 364 695; x_wconf 86' lang='lat' dir='ltr'><strong>se</strong></span> <span class='ocrx_word' id='word_1_36' title='bbox 373 662 447 695; x_wconf 83' lang='lat' dir='ltr'><strong>voont:</strong></span> <span class='ocrx_word' id='word_1_37' title='bbox 457 652 512 695; x_wconf 87' lang='lat' dir='ltr'><strong>alter</strong></span> <span class='ocrx_word' id='word_1_38' title='bbox 520 655 614 705; x_wconf 67' lang='lat' dir='ltr'><strong>Isauras,</strong></span> 
     </span>
     <span class='ocr_line' id='line_1_8' title="bbox 141 725 583 782; baseline 0.005 -16"><span class='ocrx_word' id='word_1_39' title='bbox 141 727 183 767; x_wconf 78' lang='lat' dir='ltr'><strong>Aut</strong></span> <span class='ocrx_word' id='word_1_40' title='bbox 191 727 279 767; x_wconf 86' lang='lat' dir='ltr'><strong>Cretum</strong></span> <span class='ocrx_word' id='word_1_41' title='bbox 287 726 380 767; x_wconf 81' lang='lat' dir='ltr'><strong>domitas</strong></span> <span class='ocrx_word' id='word_1_42' title='bbox 389 725 517 769; x_wconf 83' lang='lat' dir='ltr'><strong>testificatur</strong></span> <span class='ocrx_word' id='word_1_43' title='bbox 525 740 583 782; x_wconf 79' lang='lat' dir='ltr'><strong>opes.</strong></span> 
     </span>
    </p>

    <p class='ocr_par' dir='ltr' id='par_1_6' title="bbox 113 797 709 914">
     <span class='ocr_line' id='line_1_9' title="bbox 113 797 709 856; baseline 0.008 -16"><span class='ocrx_word' id='word_1_44' title='bbox 113 799 173 840; x_wconf 84' lang='lat' dir='ltr'><strong>llunc</strong></span> <span class='ocrx_word' id='word_1_45' title='bbox 184 798 284 839; x_wconf 60' lang='lat' dir='ltr'><strong>Numida</strong></span> <span class='ocrx_word' id='word_1_46' title='bbox 294 798 388 849; x_wconf 81' lang='lat' dir='ltr'><strong>faciunt,</strong></span> <span class='ocrx_word' id='word_1_47' title='bbox 397 797 461 840; x_wconf 86' lang='lat' dir='ltr'><strong>illum</strong></span> <span class='ocrx_word' id='word_1_48' title='bbox 471 801 569 842; x_wconf 79' lang='lat' dir='ltr'><strong>Messana</strong></span> <span class='ocrx_word' id='word_1_49' title='bbox 577 801 709 856; x_wconf 80' lang='lat' dir='ltr'><strong>superbum:</strong></span> 
     </span>
     <span class='ocr_line' id='line_1_10' title="bbox 143 855 591 914; baseline 0.004 -3"><span class='ocrx_word' id='word_1_50' title='bbox 143 869 179 912; x_wconf 89' lang='lat' dir='ltr'><strong>llle</strong></span> <span class='ocrx_word' id='word_1_51' title='bbox 189 870 325 913; x_wconf 86' lang='lat' dir='ltr'><strong>Numantina</strong></span> <span class='ocrx_word' id='word_1_52' title='bbox 334 870 398 913; x_wconf 79' lang='lat' dir='ltr'><strong>traxit</strong></span> <span class='ocrx_word' id='word_1_53' title='bbox 407 871 435 912; x_wconf 90' lang='lat' dir='ltr'><strong>ab</strong></span> <span class='ocrx_word' id='word_1_54' title='bbox 446 871 499 913; x_wconf 87' lang='lat' dir='ltr'><strong>urbe</strong></span> <span class='ocrx_word' id='word_1_55' title='bbox 508 855 591 914; x_wconf 70' lang='lat' dir='ltr'><strong>uoltum.</strong></span> 
     </span>
    </p>
   </div>
   <div class='ocr_carea' id='block_1_3' title="bbox 100 944 660 1294">
    <p class='ocr_par' dir='ltr' id='par_1_7' title="bbox 112 944 635 988">
     <span class='ocr_line' id='line_1_11' title="bbox 112 944 635 988; baseline 0.006 -3"><span class='ocrx_word' id='word_1_56' title='bbox 112 945 138 986; x_wconf 87' lang='lat' dir='ltr'><strong>Et</strong></span> <span class='ocrx_word' id='word_1_57' title='bbox 148 953 241 986; x_wconf 86' lang='lat' dir='ltr'><strong>morteru</strong></span> <span class='ocrx_word' id='word_1_58' title='bbox 251 952 273 985; x_wconf 89' lang='lat' dir='ltr'><strong>et</strong></span> <span class='ocrx_word' id='word_1_59' title='bbox 281 957 361 986; x_wconf 89' lang='lat' dir='ltr'><strong>nomen</strong></span> <span class='ocrx_word' id='word_1_60' title='bbox 371 945 440 986; x_wconf 81' lang='lat' dir='ltr'><strong>Druso</strong></span> <span class='ocrx_word' id='word_1_61' title='bbox 449 944 564 987; x_wconf 79' lang='lat' dir='ltr'><strong>Germania</strong></span> <span class='ocrx_word' id='word_1_62' title='bbox 573 944 635 988; x_wconf 78' lang='lat' dir='ltr'><strong>feeit:</strong></span> 
     </span>
    </p>

    <p class='ocr_par' dir='ltr' id='par_1_8' title="bbox 100 1015 648 1073">
     <span class='ocr_line' id='line_1_12' title="bbox 100 1015 648 1073; baseline 0.004 -13"><span class='ocrx_word' id='word_1_63' title='bbox 100 1015 103 1022; x_wconf 87' lang='grc'>’</span> <span class='ocrx_word' id='word_1_64' title='bbox 143 1020 177 1060; x_wconf 88' lang='lat' dir='ltr'><strong>llle</strong></span> <span class='ocrx_word' id='word_1_65' title='bbox 189 1018 304 1069; x_wconf 80' lang='lat' dir='ltr'><strong>miserum,</strong></span> <span class='ocrx_word' id='word_1_66' title='bbox 313 1018 381 1060; x_wconf 77' lang='lat' dir='ltr'><strong>virtus</strong></span> <span class='ocrx_word' id='word_1_67' title='bbox 390 1032 457 1073; x_wconf 88' lang='lat' dir='ltr'><strong>quarn</strong></span> <span class='ocrx_word' id='word_1_68' title='bbox 467 1018 537 1060; x_wconf 87' lang='lat' dir='ltr'><strong>brevis</strong></span> <span class='ocrx_word' id='word_1_69' title='bbox 546 1018 583 1061; x_wconf 91' lang='lat' dir='ltr'><strong>illa</strong></span> <span class='ocrx_word' id='word_1_70' title='bbox 592 1018 648 1062; x_wconf 71' lang='lat' dir='ltr'><strong>fuit?</strong></span> 
     </span>
    </p>

    <p class='ocr_par' dir='ltr' id='par_1_9' title="bbox 114 1091 650 1222">
     <span class='ocr_line' id='line_1_13' title="bbox 114 1091 617 1147; baseline 0 -13"><span class='ocrx_word' id='word_1_71' title='bbox 114 1092 135 1134; x_wconf 88' lang='lat' dir='ltr'><strong>Si</strong></span> <span class='ocrx_word' id='word_1_72' title='bbox 145 1101 203 1147; x_wconf 83' lang='lat' dir='ltr'><strong>petat</strong></span> <span class='ocrx_word' id='word_1_73' title='bbox 212 1105 224 1132; x_wconf 92' lang='lat' dir='ltr'><strong>a</strong></span> <span class='ocrx_word' id='word_1_74' title='bbox 235 1091 305 1140; x_wconf 82' lang='lat' dir='ltr'><strong>victis,</strong></span> <span class='ocrx_word' id='word_1_75' title='bbox 316 1101 347 1134; x_wconf 90' lang='lat' dir='ltr'><strong>tot</strong></span> <span class='ocrx_word' id='word_1_76' title='bbox 356 1102 430 1133; x_wconf 87' lang='lat' dir='ltr'><strong>sumat</strong></span> <span class='ocrx_word' id='word_1_77' title='bbox 439 1091 529 1134; x_wconf 89' lang='lat' dir='ltr'><strong>nomina</strong></span> <span class='ocrx_word' id='word_1_78' title='bbox 538 1093 617 1143; x_wconf 71' lang='lat' dir='ltr'><strong>Cesar,</strong></span> 
     </span>
     <span class='ocr_line' id='line_1_14' title="bbox 143 1163 650 1222; baseline 0.004 -16"><span class='ocrx_word' id='word_1_79' title='bbox 143 1167 201 1222; x_wconf 83' lang='lat' dir='ltr'><strong>Quot</strong></span> <span class='ocrx_word' id='word_1_80' title='bbox 211 1177 302 1207; x_wconf 85' lang='lat' dir='ltr'><strong>numero</strong></span> <span class='ocrx_word' id='word_1_81' title='bbox 312 1176 384 1220; x_wconf 74' lang='lat' dir='ltr'><strong>gentes</strong></span> <span class='ocrx_word' id='word_1_82' title='bbox 394 1163 503 1207; x_wconf 81' lang='lat' dir='ltr'><strong>maximus</strong></span> <span class='ocrx_word' id='word_1_83' title='bbox 512 1165 569 1206; x_wconf 86' lang='lat' dir='ltr'><strong>orbis</strong></span> <span class='ocrx_word' id='word_1_84' title='bbox 578 1165 650 1209; x_wconf 82' lang='lat' dir='ltr'><strong>habet.</strong></span> 
     </span>
    </p>

    <p class='ocr_par' dir='ltr' id='par_1_10' title="bbox 114 1237 660 1294">
     <span class='ocr_line' id='line_1_15' title="bbox 114 1237 660 1294; baseline 0.004 -13"><span class='ocrx_word' id='word_1_85' title='bbox 114 1240 144 1281; x_wconf 84' lang='lat' dir='ltr'><strong>Ex</strong></span> <span class='ocrx_word' id='word_1_86' title='bbox 153 1251 198 1280; x_wconf 91' lang='lat' dir='ltr'><strong>uuo</strong></span> <span class='ocrx_word' id='word_1_87' title='bbox 206 1238 296 1292; x_wconf 83' lang='lat' dir='ltr'><strong>quidam</strong></span> <span class='ocrx_word' id='word_1_88' title='bbox 305 1237 409 1288; x_wconf 75' lang='lat' dir='ltr'><strong>celebres,</strong></span> <span class='ocrx_word' id='word_1_89' title='bbox 420 1247 460 1281; x_wconf 88' lang='lat' dir='ltr'><strong>aut</strong></span> <span class='ocrx_word' id='word_1_90' title='bbox 468 1238 550 1294; x_wconf 79' lang='lat' dir='ltr'>torquis</span> <span class='ocrx_word' id='word_1_91' title='bbox 559 1239 660 1291; x_wconf 61' lang='lat' dir='ltr'><strong>ademta,</strong></span> 
     </span>
    </p>
   </div>
   <div class='ocr_carea' id='block_1_4' title="bbox 117 1310 725 2251">
    <p class='ocr_par' dir='ltr' id='par_1_11' title="bbox 146 1310 555 1354">
     <span class='ocr_line' id='line_1_16' title="bbox 146 1310 555 1354; baseline 0 0"><span class='ocrx_word' id='word_1_92' title='bbox 146 1313 188 1354; x_wconf 75' lang='lat' dir='ltr'><strong>Aut</strong></span> <span class='ocrx_word' id='word_1_93' title='bbox 198 1311 255 1354; x_wconf 85' lang='lat' dir='ltr'><strong>corvi</strong></span> <span class='ocrx_word' id='word_1_94' title='bbox 266 1311 340 1353; x_wconf 79' lang='lat' dir='ltr'><strong>titulos</strong></span> <span class='ocrx_word' id='word_1_95' title='bbox 349 1310 458 1354; x_wconf 79' lang='lat' dir='ltr'><strong>auxiliaris</strong></span> <span class='ocrx_word' id='word_1_96' title='bbox 468 1312 555 1354; x_wconf 79' lang='lat' dir='ltr'><strong>liabent.</strong></span> 
     </span>
    </p>

    <p class='ocr_par' dir='ltr' id='par_1_12' title="bbox 117 1386 717 1514">
     <span class='ocr_line' id='line_1_17' title="bbox 117 1386 717 1440; baseline 0.002 -11"><span class='ocrx_word' id='word_1_97' title='bbox 117 1386 204 1440; x_wconf 73' lang='lat' dir='ltr'><strong>Magne.</strong></span> <span class='ocrx_word' id='word_1_98' title='bbox 215 1395 279 1427; x_wconf 88' lang='lat' dir='ltr'><strong>tuum</strong></span> <span class='ocrx_word' id='word_1_99' title='bbox 289 1398 369 1426; x_wconf 88' lang='lat' dir='ltr'><strong>nomen</strong></span> <span class='ocrx_word' id='word_1_100' title='bbox 379 1398 453 1427; x_wconf 89' lang='lat' dir='ltr'><strong>rernm</strong></span> <span class='ocrx_word' id='word_1_101' title='bbox 464 1398 566 1427; x_wconf 88' lang='lat' dir='ltr'><strong>mensura</strong></span> <span class='ocrx_word' id='word_1_102' title='bbox 575 1396 664 1430; x_wconf 88' lang='lat' dir='ltr'><strong>tuarum</strong></span> <span class='ocrx_word' id='word_1_103' title='bbox 673 1396 717 1431; x_wconf 77' lang='lat' dir='ltr'><strong>eet:</strong></span> 
     </span>
     <span class='ocr_line' id='line_1_18' title="bbox 146 1457 576 1514; baseline -0.002 -13"><span class='ocrx_word' id='word_1_104' title='bbox 146 1459 186 1501; x_wconf 87' lang='lat' dir='ltr'><strong>Sed</strong></span> <span class='ocrx_word' id='word_1_105' title='bbox 196 1458 234 1514; x_wconf 89' lang='lat' dir='ltr'><strong>qui</strong></span> <span class='ocrx_word' id='word_1_106' title='bbox 245 1468 264 1501; x_wconf 91' lang='lat' dir='ltr'><strong>te</strong></span> <span class='ocrx_word' id='word_1_107' title='bbox 274 1459 334 1508; x_wconf 78' lang='lat' dir='ltr'><strong>vicit,</strong></span> <span class='ocrx_word' id='word_1_108' title='bbox 345 1459 434 1500; x_wconf 86' lang='lat' dir='ltr'><strong>nomine</strong></span> <span class='ocrx_word' id='word_1_109' title='bbox 444 1457 515 1514; x_wconf 88' lang='lat' dir='ltr'><strong>major</strong></span> <span class='ocrx_word' id='word_1_110' title='bbox 524 1468 576 1501; x_wconf 82' lang='lat' dir='ltr'><strong>erat.</strong></span> 
     </span>
    </p>

    <p class='ocr_par' dir='ltr' id='par_1_13' title="bbox 117 1531 663 1649">
     <span class='ocr_line' id='line_1_19' title="bbox 117 1531 663 1588; baseline 0 -12"><span class='ocrx_word' id='word_1_111' title='bbox 117 1534 161 1576; x_wconf 84' lang='lat' dir='ltr'><strong>Neo</strong></span> <span class='ocrx_word' id='word_1_112' title='bbox 171 1533 249 1588; x_wconf 76' lang='lat' dir='ltr'><strong>gradus</strong></span> <span class='ocrx_word' id='word_1_113' title='bbox 258 1541 291 1575; x_wconf 86' lang='lat' dir='ltr'><strong>est</strong></span> <span class='ocrx_word' id='word_1_114' title='bbox 299 1531 356 1575; x_wconf 90' lang='lat' dir='ltr'><strong>ultra</strong></span> <span class='ocrx_word' id='word_1_115' title='bbox 366 1532 442 1574; x_wconf 83' lang='lat' dir='ltr'>Fabios</span> <span class='ocrx_word' id='word_1_116' title='bbox 451 1532 586 1588; x_wconf 71' lang='lat' dir='ltr'><strong>cognominis</strong></span> <span class='ocrx_word' id='word_1_117' title='bbox 595 1532 663 1576; x_wconf 75' lang='lat' dir='ltr'><strong>adius:</strong></span> 
     </span>
     <span class='ocr_line' id='line_1_20' title="bbox 146 1605 591 1649; baseline -0.002 -1"><span class='ocrx_word' id='word_1_118' title='bbox 146 1606 184 1648; x_wconf 86' lang='lat' dir='ltr'><strong>llla</strong></span> <span class='ocrx_word' id='word_1_119' title='bbox 193 1607 272 1648; x_wconf 85' lang='lat' dir='ltr'><strong>domus</strong></span> <span class='ocrx_word' id='word_1_120' title='bbox 281 1606 363 1648; x_wconf 86' lang='lat' dir='ltr'><strong>meritis</strong></span> <span class='ocrx_word' id='word_1_121' title='bbox 373 1605 466 1647; x_wconf 85' lang='lat' dir='ltr'><strong>Maxima</strong></span> <span class='ocrx_word' id='word_1_122' title='bbox 475 1606 532 1649; x_wconf 82' lang='lat' dir='ltr'><strong>diota</strong></span> <span class='ocrx_word' id='word_1_123' title='bbox 541 1606 591 1649; x_wconf 76' lang='lat' dir='ltr'><strong>suis.</strong></span> 
     </span>
    </p>

    <p class='ocr_par' dir='ltr' id='par_1_14' title="bbox 118 1678 725 1797">
     <span class='ocr_line' id='line_1_21' title="bbox 118 1678 725 1726; baseline 0.005 -3"><span class='ocrx_word' id='word_1_124' title='bbox 118 1681 158 1723; x_wconf 83' lang='lat' dir='ltr'><strong>Sed</strong></span> <span class='ocrx_word' id='word_1_125' title='bbox 168 1689 241 1722; x_wconf 84' lang='lat' dir='ltr'><strong>tamen</strong></span> <span class='ocrx_word' id='word_1_126' title='bbox 250 1679 353 1721; x_wconf 85' lang='lat' dir='ltr'><strong>humanis</strong></span> <span class='ocrx_word' id='word_1_127' title='bbox 362 1678 499 1721; x_wconf 80' lang='lat' dir='ltr'><strong>celebrantur</strong></span> <span class='ocrx_word' id='word_1_128' title='bbox 507 1679 627 1722; x_wconf 80' lang='lat' dir='ltr'><strong>honoribus</strong></span> <span class='ocrx_word' id='word_1_129' title='bbox 636 1693 725 1726; x_wconf 68' lang='lat' dir='ltr'><strong>omnes:</strong></span> 
     </span>
     <span class='ocr_line' id='line_1_22' title="bbox 148 1752 669 1797; baseline 0.004 -3"><span class='ocrx_word' id='word_1_130' title='bbox 148 1752 185 1794; x_wconf 84' lang='lat' dir='ltr'><strong>llic</strong></span> <span class='ocrx_word' id='word_1_131' title='bbox 194 1752 278 1793; x_wconf 85' lang='lat' dir='ltr'><strong>socium</strong></span> <span class='ocrx_word' id='word_1_132' title='bbox 287 1765 375 1794; x_wconf 82' lang='lat' dir='ltr'><strong>summo</strong></span> <span class='ocrx_word' id='word_1_133' title='bbox 384 1765 436 1794; x_wconf 89' lang='lat' dir='ltr'><strong>cum</strong></span> <span class='ocrx_word' id='word_1_134' title='bbox 445 1754 496 1794; x_wconf 87' lang='lat' dir='ltr'><strong>love</strong></span> <span class='ocrx_word' id='word_1_135' title='bbox 506 1766 586 1795; x_wconf 86' lang='lat' dir='ltr'><strong>nornen</strong></span> <span class='ocrx_word' id='word_1_136' title='bbox 597 1753 669 1797; x_wconf 84' lang='lat' dir='ltr'><strong>habet.</strong></span> 
     </span>
    </p>

    <p class='ocr_par' dir='ltr' id='par_1_15' title="bbox 120 1827 698 1951">
     <span class='ocr_line' id='line_1_23' title="bbox 120 1827 698 1882; baseline 0.005 -14"><span class='ocrx_word' id='word_1_137' title='bbox 120 1827 197 1868; x_wconf 87' lang='lat' dir='ltr'><strong>Sancta</strong></span> <span class='ocrx_word' id='word_1_138' title='bbox 206 1835 284 1868; x_wconf 83' lang='lat' dir='ltr'><strong>vocant</strong></span> <span class='ocrx_word' id='word_1_139' title='bbox 295 1835 387 1882; x_wconf 72' lang='lat' dir='ltr'><strong>augusta</strong></span> <span class='ocrx_word' id='word_1_140' title='bbox 395 1835 480 1881; x_wconf 84' lang='lat' dir='ltr'><strong>patres:</strong></span> <span class='ocrx_word' id='word_1_141' title='bbox 490 1836 582 1882; x_wconf 72' lang='lat' dir='ltr'><strong>augusta</strong></span> <span class='ocrx_word' id='word_1_142' title='bbox 591 1837 698 1871; x_wconf 82' lang='lat' dir='ltr'><strong>vocantur</strong></span> 
     </span>
     <span class='ocr_line' id='line_1_24' title="bbox 148 1896 610 1951; baseline 0 -11"><span class='ocrx_word' id='word_1_143' title='bbox 148 1896 249 1951; x_wconf 77' lang='lat' dir='ltr'><strong>Templa,</strong></span> <span class='ocrx_word' id='word_1_144' title='bbox 259 1898 395 1940; x_wconf 79' lang='lat' dir='ltr'><strong>sacerdotum</strong></span> <span class='ocrx_word' id='word_1_145' title='bbox 405 1898 446 1940; x_wconf 84' lang='lat' dir='ltr'><strong>rite</strong></span> <span class='ocrx_word' id='word_1_146' title='bbox 455 1897 526 1940; x_wconf 83' lang='lat' dir='ltr'><strong>dicata</strong></span> <span class='ocrx_word' id='word_1_147' title='bbox 535 1912 610 1940; x_wconf 88' lang='lat' dir='ltr'><strong>manu.</strong></span> 
     </span>
    </p>

    <p class='ocr_par' dir='ltr' id='par_1_16' title="bbox 121 1971 636 2103">
     <span class='ocr_line' id='line_1_25' title="bbox 121 1971 636 2027; baseline 0.002 -13"><span class='ocrx_word' id='word_1_148' title='bbox 121 1971 190 2027; x_wconf 81' lang='lat' dir='ltr'><strong>liujus</strong></span> <span class='ocrx_word' id='word_1_149' title='bbox 199 1981 220 2013; x_wconf 83' lang='lat' dir='ltr'><strong>et</strong></span> <span class='ocrx_word' id='word_1_150' title='bbox 230 1972 347 2026; x_wconf 71' lang='lat' dir='ltr'><strong>augurium</strong></span> <span class='ocrx_word' id='word_1_151' title='bbox 357 1972 464 2027; x_wconf 81' lang='lat' dir='ltr'><strong>dependet</strong></span> <span class='ocrx_word' id='word_1_152' title='bbox 473 1972 556 2027; x_wconf 73' lang='lat' dir='ltr'><strong>origine</strong></span> <span class='ocrx_word' id='word_1_153' title='bbox 564 1972 636 2024; x_wconf 79' lang='lat' dir='ltr'><strong>verbi,</strong></span> 
     </span>
     <span class='ocr_line' id='line_1_26' title="bbox 150 2046 603 2103; baseline 0 -15"><span class='ocrx_word' id='word_1_154' title='bbox 150 2048 175 2088; x_wconf 84' lang='lat' dir='ltr'><strong>Et</strong></span> <span class='ocrx_word' id='word_1_155' title='bbox 184 2046 329 2101; x_wconf 83' lang='lat' dir='ltr'><strong>quodcunque</strong></span> <span class='ocrx_word' id='word_1_156' title='bbox 338 2060 377 2088; x_wconf 82' lang='lat' dir='ltr'><strong>sua</strong></span> <span class='ocrx_word' id='word_1_157' title='bbox 386 2046 470 2101; x_wconf 78' lang='lat' dir='ltr'><strong>Jupiter</strong></span> <span class='ocrx_word' id='word_1_158' title='bbox 480 2057 545 2102; x_wconf 73' lang='lat' dir='ltr'><strong>auget</strong></span> <span class='ocrx_word' id='word_1_159' title='bbox 555 2060 603 2103; x_wconf 89' lang='lat' dir='ltr'><strong>ope.</strong></span> 
     </span>
    </p>

    <p class='ocr_par' dir='ltr' id='par_1_17' title="bbox 121 2116 663 2176">
     <span class='ocr_line' id='line_1_27' title="bbox 121 2116 663 2176; baseline 0.004 -15"><span class='ocrx_word' id='word_1_160' title='bbox 121 2120 202 2173; x_wconf 73' lang='lat' dir='ltr'><strong>Augeat</strong></span> <span class='ocrx_word' id='word_1_161' title='bbox 212 2116 327 2172; x_wconf 83' lang='lat' dir='ltr'><strong>imperium</strong></span> <span class='ocrx_word' id='word_1_162' title='bbox 338 2120 405 2161; x_wconf 83' lang='lat' dir='ltr'><strong>nostri</strong></span> <span class='ocrx_word' id='word_1_163' title='bbox 414 2120 488 2169; x_wconf 81' lang='lat' dir='ltr'><strong>ducis,</strong></span> <span class='ocrx_word' id='word_1_164' title='bbox 497 2131 575 2176; x_wconf 71' lang='lat' dir='ltr'><strong>augeat</strong></span> <span class='ocrx_word' id='word_1_165' title='bbox 584 2134 663 2164; x_wconf 77' lang='lat' dir='ltr'><strong>annot:</strong></span> 
     </span>
    </p>

    <p class='ocr_par' dir='ltr' id='par_1_18' title="bbox 136 2176 624 2251">
     <span class='ocr_line' id='line_1_28' title="bbox 136 2176 624 2251; baseline 0.004 -14"><span class='ocrx_word' id='word_1_166' title='bbox 136 2176 141 2185; x_wconf 41' lang='lat'><strong><em>⁴</em></strong></span> <span class='ocrx_word' id='word_1_167' title='bbox 151 2195 249 2247; x_wconf 70' lang='lat' dir='ltr'><strong>Protegat</strong></span> <span class='ocrx_word' id='word_1_168' title='bbox 258 2202 279 2235; x_wconf 86' lang='lat' dir='ltr'><strong>et</strong></span> <span class='ocrx_word' id='word_1_169' title='bbox 288 2203 370 2237; x_wconf 77' lang='lat' dir='ltr'><strong>vestras</strong></span> <span class='ocrx_word' id='word_1_170' title='bbox 379 2208 462 2251; x_wconf 85' lang='lat' dir='ltr'><strong>querna</strong></span> <span class='ocrx_word' id='word_1_171' title='bbox 471 2209 551 2239; x_wconf 87' lang='lat' dir='ltr'><strong>corona</strong></span> <span class='ocrx_word' id='word_1_172' title='bbox 561 2195 624 2239; x_wconf 75' lang='lat' dir='ltr'><strong>iores.</strong></span> 
     </span>
    </p>
   </div>
   <div class='ocr_carea' id='block_1_5' title="bbox 0 0 845 2584">
    <p class='ocr_par' dir='ltr' id='par_1_19' title="bbox 0 0 845 2584">
     <span class='ocr_line' id='line_1_29' title="bbox 0 0 845 2584; baseline 0 0"><span class='ocrx_word' id='word_1_173' title='bbox 0 0 845 2584; x_wconf 95' lang='lat' dir='ltr'><strong> </strong></span> 
     </span>
    </p>
   </div>
  </div>
 </body>
</html>
