1650 2584
105 194 148 236 ²9²
317 183 515 225 ,Famosum
679 197 702 224 v.
715 186 754 236 73.

105 273 158 315 ilinc
167 286 207 317 sua
215 273 309 330 majores
317 275 413 330 posuisse
422 274 528 317 vocabula
537 274 593 316 Melo

134 348 226 402 Tangon
235 357 257 390 et
265 347 324 391 ensi
332 349 466 391 consuluisse
475 362 525 391 suae.

106 420 132 461 Et
140 419 244 461 Numitor
252 420 329 463 dixisse
337 431 419 476 potest,
428 423 469 470 ua,
477 420 579 471 Romule,
590 433 695 462 mensem

136 493 197 534 llunc
206 492 304 543 senibus3
314 506 355 534 nec
362 506 429 534 avum
438 492 565 535 sustinuisse
573 505 648 547 nepos.

107 565 151 606 Nec
160 563 205 606 leve
214 565 322 620 praepositi
331 565 409 620 pignus
418 579 528 608 successor
535 565 625 607 honoris

135 625 225 689 lunius,
234 652 247 680 a
253 637 361 692 juvenum
370 638 460 680 nomine
469 638 550 688 dictus,
560 638 632 680 habet.

108 711 166 751 Tum
175 710 216 761 sic,
226 710 333 765 senectus
341 710 421 753 hedera
430 710 530 753 redimita
539 709 640 765 capillos,

137 784 209 826 Prima
217 785 251 826 sui
260 785 324 840 coepit
332 786 439 841 Calliopea
448 786 508 828 chori
517 800 522 824 :

110 861 202 902 Duxerat
211 861 308 902 Oceanus
316 862 429 915 quondam
439 860 538 904 Titanida
547 860 643 918 Tethyn,

140 933 182 989 Qui
192 943 271 975 terram
281 933 378 988 liquidis,
388 947 431 988 qua
441 942 510 989 petet,
520 933 590 976 ambit
598 933 668 988 aquis.

113 1003 166 1046 Hinc
175 1015 221 1046 sata
230 1004 314 1048 Pleione
323 1019 374 1047 cum
384 1004 478 1047 coelilero
488 1005 572 1048 Atlante

143 1079 251 1134 iungitur,
262 1090 286 1122 ut
296 1079 355 1122 fama
364 1091 405 1131 θεῖς
418 1080 554 1136 Pleiadasque
563 1080 626 1136 parit.

115 1154 213 1210 Quarum
222 1152 278 1194 lllaia
287 1166 338 1195 sues
346 1153 418 1195 torma
428 1167 538 1210 superasse
546 1166 630 1195 sorores

145 1227 253 1276 Traditur,
262 1237 283 1269 et
292 1241 380 1269 summo
389 1228 533 1270 concubuisse
541 1228 594 1270 lovi.

117 1301 164 1342 liaeo
173 1300 234 1342 enixa
239 1299 295 1356 jugo
304 1300 452 1356 cupressiferae
460 1300 555 1358 Cyllenes

147 1374 264 1416 AEtherium
274 1374 355 1416 volucri
364 1374 402 1429 qui
411 1375 467 1430 pede
474 1373 543 1429 curpit
551 1373 598 1416 iter.

118 1447 209 1487 Arcades
219 1446 289 1495 lrunc,
299 1448 414 1502 Ladonque
425 1460 500 1502 rapax,
510 1456 532 1488 et
542 1444 642 1488 Maenalos
651 1446 731 1502 ingens

148 1519 194 1561 Rite
204 1519 290 1570 colunt,
300 1523 358 1562 Luna
369 1520 449 1562 credits
459 1530 514 1562 terra
524 1520 589 1575 prior.

120 1592 183 1635 Exsul
193 1593 221 1633 ab
231 1593 325 1635 Arcadiis
333 1593 404 1635 Latios
413 1593 509 1634 Evander
518 1592 540 1633 in
550 1605 612 1647 aqros

153 1666 254 1715 Venerat;
264 1665 376 1720 impositos
385 1665 529 1719 attuleratque
539 1668 598 1706 Deos.

122 1738 171 1789 Hic,
181 1738 218 1779 ubi
230 1752 288 1780 nunc
297 1742 365 1781 llotna
374 1749 406 1781 est
415 1739 474 1780 orbis
482 1748 559 1794 caput,
569 1739 635 1780 arbor
644 1748 666 1781 et
676 1740 763 1794 herbae,

152 1812 177 1852 Et
187 1824 260 1865 paucae
270 1812 372 1866 pecudes,
383 1821 404 1853 et
413 1824 462 1852 casa
471 1824 519 1851 rura
530 1810 578 1852 fuit.

125 1886 172 1942 Quo
183 1894 297 1939 postquam
308 1894 407 1935 ventum
418 1884 542 1934 Consistite,
552 1883 639 1939 prescia
648 1895 730 1937 muter,

156 1959 211 1998 Nam
222 1958 281 1999 locus
291 1959 375 2014 imperii
387 1973 423 2001 rus
433 1959 473 2000 crit
482 1959 551 2008 istud,
561 1959 597 2000 uit.

125 2033 149 2074 Et
159 2031 224 2073 matri
232 2043 254 2075 et
263 2034 305 2074 veti
315 2044 375 2088 paret
386 2034 505 2075 Nonacrius
514 2034 587 2081 heros;

154 2107 222 2160 luque
231 2107 343 2160 peregrina
352 2107 449 2150 constitit
456 2107 533 2163 hospes
542 2107 619 2150 humo
