1650 2584
120 199 158 229 ιιι
281 189 435 230 ltEtttEtttt
454 188 591 230 Attonts.
676 192 763 233 mbb.

115 277 221 333 Adspicis,
232 287 257 320 ut
265 292 354 333 prensos
364 287 430 320 urant
435 277 491 333 juga
500 278 572 333 primu
579 276 702 334 juvencos?

145 354 172 394 Ut
180 366 236 393 uova
245 353 340 394 velocem
351 346 437 407 ciupuia
447 352 510 394 laedat
519 357 616 407 equum?

115 426 212 469 Forsitan
222 441 235 468 a
244 428 333 469 Laribus
342 428 418 483 patriis
427 428 485 469 exire
494 427 583 483 pigebit.

145 501 185 541 Sed
195 510 268 542 tamen
278 501 357 542 exibis:
368 500 446 542 deinde
455 500 524 542 redire
533 499 599 542 voles.

117 574 161 615 Nec
172 584 192 614 te
202 577 242 615 Lar
249 574 343 629 patrius,
353 575 390 615 sed
399 587 463 615 amor
473 573 582 615 revocabit
590 574 681 626 amicte,

147 649 280 690 Praetendens
290 648 357 704 culpa
366 648 478 705 splendide
488 649 552 690 verba
561 662 613 691 sure.

120 724 192 781 Quum
203 723 270 764 semel
279 723 365 773 exieris,
375 734 464 765 centurn
475 723 551 765 solatia
561 736 618 765 curu

148 799 173 839 Et
183 812 230 847 rus,
240 808 261 840 et
271 799 371 846 comites.
381 809 403 840 et
412 799 446 840 via
456 799 519 854 ionga
529 799 622 840 dabunt.

119 872 164 914 Nec
173 872 224 914 satis
233 887 277 914 esse
287 884 340 929 puta
350 873 470 914 discedere:
481 870 552 914 lentus
561 872 649 922 abesto;

148 949 203 988 Dum
214 948 290 1002 perdat
299 948 363 995 vires,
373 947 444 1002 sitque
453 947 498 987 sine
508 946 567 1001 igne,
577 946 639 987 einis.

120 1020 141 1062 Si
151 1020 191 1062 nisi
202 1020 289 1063 firmata
298 1020 424 1076 properabis
434 1030 507 1062 mente
516 1018 605 1070 reverti,

151 1092 229 1135 inferet
238 1108 299 1135 arma
312 1094 350 1135 tibi
359 1108 414 1135 saeva
425 1092 509 1135 rebellis
519 1094 591 1134 Amor.

121 1167 190 1223 Quidt
199 1168 269 1222 quod,
279 1176 304 1209 ut
313 1167 420 1216 abfueris,
430 1167 505 1209 avidus
514 1166 630 1221 sitiensque
641 1167 736 1219 redibis3

150 1242 176 1282 Et
185 1241 280 1296 spatium
291 1242 371 1283 darnno
382 1241 468 1284 cesserit
477 1254 544 1283 omne
555 1245 611 1283 tuo?-

123 1314 217 1365 Viderit,
227 1315 341 1357 Haemonia
350 1315 368 1356 si
377 1314 426 1370 quis
436 1314 493 1356 maia
503 1313 582 1370 pabula
594 1323 668 1363 terrie,

152 1390 178 1431 Et
189 1388 281 1443 magicas
291 1398 346 1430 artes
356 1402 418 1443 posse
424 1386 503 1443 juvare
512 1395 582 1442 putat.

123 1464 165 1505 Isto
176 1462 272 1504 veneficii
283 1471 343 1504 vetus
352 1471 383 1504 est
393 1461 433 1502 vio.
445 1463 522 1502 Noster
530 1458 605 1516 Apollo

153 1538 273 1578 Innocuam
282 1549 343 1576 sacro
352 1534 450 1576 carmine
460 1544 568 1576 monstrat
576 1546 649 1589 opem.

125 1610 159 1651 bie
168 1610 223 1651 duce
233 1623 277 1650 non
287 1607 374 1651 tumulo
383 1606 470 1663 prodire
476 1606 593 1663 jubebitur
602 1607 699 1650 umbra:

155 1684 203 1724 Non
214 1696 269 1724 anus
277 1681 355 1723 infami
364 1681 461 1723 carmine
470 1691 558 1737 rumpet
567 1680 673 1723 humum.

85 1756 90 1768 ⁰
125 1756 176 1798 Non
185 1769 243 1811 seges
253 1769 277 1797 ex
287 1754 334 1797 aliis
343 1754 396 1797 alios
406 1754 506 1797 transibit
514 1755 537 1796 in
546 1767 621 1809 apros:

157 1829 200 1871 Nec
209 1829 281 1871 subito
290 1829 363 1871 Phoebi
373 1828 467 1885 pallidus
476 1828 534 1870 orbis
544 1827 592 1869 erit.

126 1905 154 1947 tn
164 1903 228 1952 solet,
238 1918 347 1958 :equoreas
357 1904 398 1946 ibit
406 1903 520 1946 Tiberinus
529 1902 551 1944 iu
562 1903 646 1945 undas:
691 1916 695 1923 ·

158 1979 184 2019 Ut
193 1976 257 2024 solet,
267 1976 289 2018 iu
299 1976 365 2018 niveis
375 1980 435 2019 Luna
444 1978 534 2018 vehetur
544 1975 611 2032 equis.

127 2047 193 2089 natta
203 2058 322 2090 recantatas
331 2050 441 2104 deponent
450 2059 538 2104 pectora
548 2062 623 2098 curas3

156 2122 200 2161 Nee
210 2119 278 2175 fugiet
287 2122 335 2163 vivo
343 2121 428 2165 sulfure
437 2124 508 2166 vietus
517 2137 587 2165 amor.

130 2191 187 2250 Quid
197 2200 218 2233 tc
228 2192 444 2249 Phasiacaejuvcruut
454 2196 553 2251 gramina
564 2206 636 2245 terrae,
