1650 2584
112 203 153 244 tfio
337 200 520 243 Fastorum
662 200 745 254 v·l³7·

108 291 135 334 At
145 294 209 340 neus,
220 291 318 333 ohscoena
326 290 420 331 nimium
431 301 517 345 quoque
526 296 586 345 perte
595 299 694 345 paratus,

139 362 244 405 Omnibus
253 363 280 404 ad
289 365 353 404 Lunae
362 362 446 404 lumina
456 362 510 403 risus
519 372 571 405 emt.

110 439 178 480 Morte
187 438 245 480 dedit
254 451 326 492 poeuas
336 447 412 479 auctor
421 436 534 478 clamoris:
544 447 565 479 et
574 435 624 478 hinc
633 444 665 478 est

64 542 71 551 ,
138 512 306 568 Hellespontiaco
316 512 402 554 victima
411 521 471 566 grata
480 514 529 553 Deo.

109 662 208 703 lnrtcrn
217 658 305 702 fueratis
314 673 373 707 aves,
384 659 459 702 solntin
469 658 536 710 ruris,

137 736 253 777 Adsuetum
263 734 329 782 silvis,
339 733 502 789 innocuumque
512 747 590 789 genust

106 809 158 865 Quae
168 808 235 850 facitis
245 807 317 857 nidos,
326 821 374 863 quae
383 807 463 863 plumis
473 821 513 849 ova
524 806 609 858 fovetis,

135 883 160 924 Et
169 879 226 922 facili
235 880 307 922 dulces
317 880 378 922 editis
388 894 425 922 ore
435 881 517 922 modos.

106 957 146 1007 Sed
155 955 208 997 nihil
218 956 258 999 ista
263 954 353 1011 juvant,
362 955 413 1011 quia
425 954 502 1011 linguae
510 955 593 997 crimen
602 955 697 1008 hebetis,

134 1031 201 1083 Dique
210 1038 287 1084 putant
295 1039 378 1071 mentes
388 1043 425 1070 vos
434 1028 516 1084 aperire
524 1042 580 1071 suas.

106 1104 150 1144 Nec
161 1112 232 1144 tamen
242 1102 264 1143 id
274 1100 353 1143 falsum
362 1119 367 1143 :
376 1116 440 1152 nam,
451 1104 484 1144 Dis
495 1111 519 1144 ut
530 1101 627 1157 proxima
636 1115 741 1158 qumque,

135 1177 198 1217 Nunc
207 1189 277 1230 penna
285 1189 356 1226 veras,
366 1189 424 1218 nunc
434 1176 488 1218 datis
498 1189 535 1217 ore
544 1185 612 1219 notas.

105 1247 161 1291 run
170 1248 208 1290 diu
218 1247 329 1290 volucrum
340 1248 421 1304 proles,
432 1258 478 1291 tum
488 1249 581 1305 denique
590 1262 643 1292 cesa
652 1258 694 1302 est;

133 1323 280 1375 iuveruntque
290 1323 342 1363 Deos
350 1321 426 1364 indicis
435 1331 483 1365 exta
492 1322 532 1365 sul.

104 1397 158 1452 Ergo
167 1410 221 1452 saepe
231 1409 270 1439 suo
280 1395 359 1452 conjux
367 1398 461 1439 abducta
470 1396 549 1439 marito

133 1469 207 1510 Uritur
215 1468 238 1510 in
247 1467 320 1510 calidis
329 1468 378 1510 alba
387 1468 489 1511 columbe
499 1468 558 1512 locis.

104 1543 148 1585 Nec
158 1541 245 1583 defensa
250 1541 329 1597 juvant
337 1542 453 1597 Capitolia,
462 1557 506 1598 quo
516 1541 589 1586 miuus
598 1556 660 1587 auser

132 1616 170 1657 Det
175 1614 239 1671 jecur
247 1615 269 1656 in
279 1614 360 1664 lances,
370 1615 443 1657 lnachi
452 1615 522 1666 lauta,
532 1627 587 1659 tuas.

103 1691 170 1732 Nocte
179 1691 224 1731 Deae
235 1689 297 1730 Nocti
306 1689 404 1731 cristatus
414 1689 503 1730 caeditur
511 1688 564 1740 ales,

131 1763 192 1819 Quod
203 1761 299 1817 tepidum
309 1761 365 1817 vigili
375 1770 476 1817 provocat
485 1775 521 1804 ore
530 1763 596 1805 diem.

100 1837 183 1878 Interea
194 1833 281 1889 Delphin
290 1824 374 1876 clarum
383 1847 448 1890 super
456 1848 543 1889 equore
552 1835 611 1878 sidue

128 1907 229 1956 Tollitur,
240 1918 261 1950 et
270 1907 344 1963 patriis
352 1907 429 1951 exserit
439 1922 478 1950 ora
486 1910 551 1951 vadis.

99 1984 184 2025 Postera
193 1980 229 2023 lux
238 1981 332 2023 hiemem
342 1982 413 2024 medio
423 1982 547 2025 discrimine
556 1982 636 2040 signat:

129 2059 236 2110 Quaque
244 2055 365 2110 preteritae.
375 2070 423 2110 quae
432 2057 552 2112 superabit,
562 2057 609 2101 erit

98 2127 197 2174 Rroxima
206 2127 320 2183 prospiciet
328 2127 422 2171 Tithono
430 2138 499 2185 nupta
509 2128 582 2172 relicto
