1650 2584
61 204 150 259 mre
306 202 405 245 monn
423 205 471 245 ιιι.
668 209 709 248 2²5

62 291 150 339 Prodit,
160 300 182 334 et
190 290 213 333 in
223 289 278 333 solio
287 290 373 334 medius
382 293 480 335 consedit
489 306 581 336 eterno:

94 365 208 407 Innumeri
217 365 274 407 eirca
283 373 384 420 stentque
394 365 501 421 silentque
511 365 557 408 viri.

66 441 133 481 Ortus
141 447 188 480 erat
196 450 285 479 summo
297 440 451 480 tantummodo
461 440 559 496 margine
569 441 675 484 Phoehus:

96 511 196 554 Sollicite
205 522 288 556 mentes
295 526 374 568 speque
385 523 489 568 metuque
498 524 583 570 pavent.

65 584 182 635 Constitit,
191 593 256 641 etque
266 595 332 641 eaput
341 584 404 627 niveo
413 586 495 629 velatus
505 589 599 638 amictu,

92 662 142 702 Jam
152 660 206 701 bene
216 661 251 701 Dis
259 669 323 701 notas
331 659 420 701 sustulit
429 659 464 702 ille
474 674 559 703 monus.

62 735 135 788 Atque
145 732 187 783 ita,
198 733 292 788 Tempus
304 733 364 775 adest
373 733 474 788 promissi
484 735 593 788 muneris,
602 735 685 792 inquitt

92 806 212 849 Pollicitam
222 807 295 858 dietis,
305 808 399 864 Jupiter,
410 808 465 851 udde
475 808 547 852 fidem.

62 884 123 925 num
132 880 241 935 loquitur,
252 890 322 924 totum
329 881 378 937 jam
388 882 423 924 Sol
431 894 548 927 emerserat
557 885 645 938 orbem;

93 957 119 997 Et
128 954 196 1010 gravis
205 954 293 997 etherio
302 955 361 997 venit
370 956 398 997 ab
408 970 447 998 axe
458 956 536 1013 fragor.

61 1032 105 1074 Ter
115 1028 187 1073 tonuit
195 1027 241 1071 sine
249 1030 308 1072 nube
318 1032 384 1079 Deus,
395 1031 436 1073 tria
446 1030 532 1087 fulgura
542 1032 607 1075 misit.

92 1102 177 1146 Credite
185 1103 274 1154 dieenti3
284 1103 348 1154 mira,
361 1105 398 1146 sed
408 1114 467 1155 acte,
476 1104 560 1160 loquor.

63 1180 81 1220 Α
92 1176 164 1219 medis
173 1176 251 1220 eoelum
261 1178 347 1234 regione
356 1176 465 1220 dehiscere
475 1179 540 1233 coepit
550 1195 555 1219 :

93 1250 217 1293 Submisere
226 1251 300 1294 oeulos
310 1266 362 1294 eum
372 1253 427 1294 duee
438 1253 501 1295 turba
511 1267 569 1295 suos.

60 1328 116 1370 Ecce
125 1325 166 1367 levi
175 1336 262 1368 sentum
273 1336 381 1369 versatum
394 1327 472 1370 leniter
480 1342 535 1370 aure

90 1398 178 1440 Decidit.
188 1401 205 1440 t
214 1398 295 1454 populo
305 1398 388 1441 elamor
398 1400 425 1440 ad
435 1409 493 1442 astra
503 1400 568 1441 venit.

57 1470 126 1516 Tollit
133 1472 202 1513 humo
212 1484 303 1519 munus.
313 1485 366 1513 ensa
376 1471 436 1526 prius
445 1471 481 1513 ille
489 1470 597 1526 juvenes,

90 1547 143 1604 Qum
153 1546 240 1588 dederat
249 1544 303 1587 nulli
312 1544 368 1587 eolla
377 1546 495 1600 premenda
501 1545 563 1601 jugo.

58 1623 129 1679 quue
138 1620 207 1663 ancile
217 1630 289 1672 vorsu
298 1621 358 1676 quod
366 1621 394 1662 ab
403 1620 464 1662 omni
476 1631 536 1676 perte
547 1621 639 1664 recisum
649 1629 693 1674 est,

90 1697 181 1753 Quoque
190 1703 251 1736 notes
260 1693 339 1745 oeulis,
348 1693 441 1749 engenius
450 1693 522 1737 omnis
530 1694 596 1738 abest.

57 1845 124 1892 Ture,
134 1855 220 1884 memor
228 1841 313 1897 imperii
323 1850 403 1884 sortem
413 1841 528 1884 consistere
537 1842 560 1884 in
570 1841 618 1895 illo,

89 1916 208 1960 Consilium
219 1915 292 1957 multe
302 1914 425 1957 calliditatis
434 1915 480 1957 init

58 1991 124 2036 Plura
130 1989 196 2046 jubet
203 1988 249 2031 lieri
259 1988 324 2031 simili
334 1987 407 2030 eaelots
417 1987 497 2042 ligurem

87 2065 154 2106 Error
163 2070 188 2103 ut
195 2070 246 2104 ante
255 2060 329 2102 oculos
338 2058 458 2102 insidiantis
467 2069 507 2101 eat.

57 2136 195 2185 Mamurius,
205 2147 293 2177 morum
303 2133 396 2176 mbraene
406 2132 500 2175 exertior
509 2133 572 2184 artis,
595 2180 598 2186 .

84 2208 178 2256 Difficile
187 2217 229 2261 est,
239 2207 304 2260 illud,
312 2207 392 2260 dicere,
403 2206 481 2250 elausit
489 2218 551 2262 opus.
