1650 2584
83 220 166 274 miss,
327 225 426 267 tiron
444 227 476 267 11.
679 231 719 286 ηε

83 311 179 367 Populus
188 322 210 355 et
219 327 292 356 eannoe
301 314 397 372 riparum
408 331 496 360 summa
506 320 619 362 tenebant:

114 388 221 442 Spemque
230 389 311 432 dabant
320 390 404 442 salices,
415 392 454 435 hos
463 407 550 449 quoque
560 407 620 449 posse
629 395 678 450 regi.

83 461 141 502 Dum
151 459 213 509 latet,
223 461 318 505 intonuit
327 474 390 506 vento
400 479 483 508 nemus.
495 466 532 508 Ilia
542 469 618 510 tirnore

113 534 190 582 Pallet,
200 545 222 578 et
230 536 317 580 hostiles
326 539 393 582 credit
402 541 474 584 adesse
482 556 566 584 manus.

83 609 153 662 thue
162 607 212 650 sinu
222 619 297 652 natum
308 612 387 661 tenuit,
397 615 529 666 succurrite,
539 617 655 673 Nymphae,

111 682 137 722 Et
146 682 181 723 Dis
190 682 293 724 auxilium
304 683 357 726 ferte
366 687 463 735 duobus.
473 688 509 730 ait.

81 754 128 795 Neo
138 766 210 803 mora,
219 753 324 810 prosiluit.
334 757 401 799 Pisces
410 759 495 801 subiere
505 761 601 815 gemelli:

110 829 151 868 Pro
161 841 205 881 quo
215 842 273 870 nunc
282 828 373 884 dignum
382 831 452 874 sidera
461 847 542 876 munus
550 834 645 878 habent.-

80 899 135 940 Inde
144 898 204 940 nefas
213 900 296 943 ducunt
305 915 372 956 genus
381 904 423 945 hoo
432 904 543 960 imponere
554 908 644 959 mensis,

111 973 156 1013 Nec
166 972 246 1015 violant
255 974 324 1017 timidi
334 976 429 1031 piscibus
437 991 475 1019 ora
485 980 537 1035 Syri.

78 1122 180 1162 Pnoxnrt
190 1119 226 1162 lux
235 1134 303 1164 vacua
312 1132 356 1165 est:
366 1133 389 1166 at
398 1125 461 1167 tertia
470 1126 527 1168 dicta
536 1127 633 1182 Quirino.

109 1193 152 1247 Qui
163 1202 220 1235 tenet
228 1193 269 1236 hoc
278 1209 369 1248 nomen,
378 1198 484 1240 Romulus
493 1209 543 1241 ante
553 1199 606 1243 fuit:

78 1266 127 1309 Sive
136 1266 195 1320 quod
205 1267 265 1310 husto
275 1269 331 1310 curis
340 1269 413 1326 priscis
424 1281 455 1313 est
464 1271 522 1313 dicta
531 1274 626 1316 Sabinis:

107 1339 197 1382 Bellicus
207 1355 219 1382 a
230 1341 271 1383 telo
282 1343 338 1385 venit
347 1344 370 1385 in
379 1354 436 1386 astra
446 1346 513 1387 Deus:

76 1413 126 1457 Sive
135 1426 200 1455 suum
211 1416 253 1470 regi
264 1428 342 1458 nomen
353 1431 443 1472 posuere
453 1418 558 1474 Quirites:

107 1489 149 1529 Seu
159 1487 210 1542 quin
219 1489 320 1531 Romanis
326 1489 430 1545 junxerat
439 1491 474 1533 itte
483 1493 555 1535 Cures.

76 1564 135 1605 Nam
145 1572 205 1617 puter
214 1563 356 1619 armipotens,
366 1575 482 1620 postquam
492 1579 547 1609 nova
557 1569 636 1613 moenia
644 1570 709 1623 vidit,

105 1636 217 1691 Multaque
227 1637 329 1679 Romulea
339 1638 394 1680 betta
403 1646 490 1694 peracta
500 1652 578 1692 mauu,

73 1708 166 1765 Jupiter,
177 1709 257 1764 inquit,
268 1709 332 1753 habet
341 1713 438 1752 Romana
447 1710 543 1765 potentia
553 1713 620 1756 vires:

105 1783 219 1839 Sanguinis
228 1784 302 1827 officio
312 1799 356 1827 non
366 1795 412 1840 eget
422 1785 457 1826 itta
467 1784 516 1833 mei.

73 1859 146 1902 Redde
157 1858 212 1914 patri
223 1869 309 1901 natum:
320 1860 419 1915 quamvis
429 1858 537 1903 intercidit
547 1862 608 1915 aiter,

103 1935 144 1975 Pro
153 1946 186 1982 se,
195 1945 277 1987 proque
286 1935 364 1983 Remo,
373 1933 409 1987 qui
421 1932 474 1973 mihi
486 1943 561 1986 restat,
571 1936 618 1978 erit,

73 2009 134 2050 Unus
144 2005 195 2055 erit,
205 2019 270 2060 quem
281 2016 304 2049 tn
314 2005 375 2049 tolles
384 2005 407 2047 in
417 2004 494 2047 caerula
503 2008 560 2062 coln

102 2082 137 2122 Tu
147 2078 200 2120 mihi
210 2079 292 2122 dixisti:
303 2080 346 2122 sint
356 2089 402 2121 rata
411 2079 469 2120 dicta
478 2080 542 2122 toris.

70 2152 158 2210 Jupiter
167 2138 277 2196 adnuerat.
288 2155 350 2196 Nutu
359 2150 498 2193 tremefactus
508 2163 600 2210 uterque

101 2228 137 2275 Est
146 2224 218 2283 polus,
229 2235 251 2269 et
260 2226 305 2270 ooeii
315 2225 411 2282 pondera
421 2224 488 2269 sensit
496 2224 561 2273 Atlas.
