1650 2584
108 159 148 200 13⁸
312 153 536 198 MEDICAMINA
678 168 700 198 v.
714 168 751 198 aa.

133 247 158 288 Et
168 254 261 301 quantos
270 244 331 287 oneri
340 255 372 288 est
381 258 434 287 aure
444 244 516 287 tulisse
526 245 588 288 duos.

103 321 149 363 Nec
159 330 232 363 tamen
243 319 369 376 indignum,
378 320 396 362 si
406 319 466 362 vobis
475 333 528 362 cura
537 320 649 377 placendi,

133 396 207 450 Quum
217 379 301 436 conitus
310 394 406 436 habeant
414 392 487 436 secula
495 403 571 436 nostra
580 393 645 436 viros.

105 467 205 511 Feminea
215 467 279 509 vestri
289 467 403 523 poliuntur
413 466 459 522 lege
468 466 552 511 mariti:

134 544 159 585 Et
168 543 202 585 vix
211 543 239 584 ad
248 542 320 584 cultus
330 551 411 597 nupta,
420 543 478 597 quod
488 543 565 593 addat,
574 541 650 585 habet.

105 616 167 658 Proin
178 630 200 657 se
209 628 300 670 quaque
309 623 398 671 parent:
407 628 459 665 nec,
468 629 513 670 quo
522 624 629 657 venentur
638 629 741 670 amores,

134 687 218 731 Refert:
229 687 342 729 munditiae
351 687 444 729 crimina
453 687 513 730 nulla
523 698 614 731 merent

105 764 161 804 liure
171 761 249 809 latent.
260 761 389 818 finguntque
397 776 477 805 comas.
488 763 546 806 Licet
554 764 637 807 arduus
646 764 697 809 illas

134 835 192 878 Celet
201 836 277 884 auum
287 835 356 878 cultas
365 836 422 878 altus
431 836 521 879 habebit
528 837 602 880 Athos.

106 912 142 953 Est
151 912 216 953 etiarn
226 909 330 966 placuisse
339 910 380 953 sibi
389 921 544 968 quotacunque
552 911 666 969 voluptas:

136 985 262 1041 Virginibus
271 987 332 1028 esrdi
341 996 445 1042 grataque
454 986 527 1030 forma
535 1001 575 1031 sua
583 997 623 1032 est.

107 1059 213 1101 Laudatas
222 1058 307 1101 bomini
316 1059 409 1103 volucris
418 1060 512 1102 lunonia
522 1075 603 1117 pennas

136 1131 242 1187 Explicat,
252 1142 273 1174 et
282 1133 354 1178 forma
365 1145 427 1176 muta
437 1135 534 1191 superbit
543 1136 595 1178 aris.

106 1208 140 1251 Sic
149 1207 220 1263 potius
230 1222 270 1250 nos
279 1219 327 1251 uret
337 1223 409 1257 amor,
420 1224 487 1265 quam
497 1209 591 1254 fortibus
599 1210 687 1265 herbis,

137 1282 195 1337 Quas
205 1296 269 1338 maga
277 1282 367 1325 terribili
376 1284 476 1326 subsecat
484 1294 530 1327 arte
540 1298 626 1329 manus.

107 1356 152 1397 Nec
162 1368 199 1396 vos
208 1356 354 1411 graminibus,
363 1370 402 1398 nec
412 1357 481 1401 mixto
490 1359 569 1401 credite
578 1374 655 1403 succe:

138 1427 181 1469 Nec
192 1437 272 1471 tentate
281 1442 361 1471 nocens
371 1430 430 1472 virus
440 1430 533 1474 amantis
542 1446 609 1487 equae.

108 1503 153 1544 Nee
162 1502 238 1544 mediae
247 1502 321 1544 Marsis
331 1502 447 1546 finduntur
455 1505 555 1547 cautibus
564 1519 659 1562 ungues,

138 1578 182 1618 Nec
192 1577 247 1620 redit
256 1577 279 1619 in
289 1575 359 1619 fontes
368 1578 428 1619 uuda
436 1578 514 1634 supina
522 1593 580 1622 suus.

109 1649 135 1691 lit
144 1649 244 1703 quamvis
253 1649 331 1705 aliquis
341 1651 448 1693 Temesaea
458 1652 636 1706 removentem

139 1723 258 1777 Nunquam
268 1725 329 1766 Luna
338 1725 382 1766 suis
391 1725 513 1768 excutietur
521 1726 589 1782 equis.

109 1796 181 1838 Prima
190 1796 218 1838 sit
227 1796 250 1837 in
260 1797 320 1839 vobis
329 1811 418 1840 morum
429 1799 507 1850 tutela,
516 1799 603 1856 puelle:

140 1870 228 1925 ingenio
237 1870 303 1913 facies
311 1873 440 1916 conciliante
449 1873 525 1931 placet.

109 1946 186 1987 Certus
195 1959 258 1986 arnor
267 1959 354 1988 morum
364 1957 408 1991 est:
419 1948 515 1991 formam
525 1949 669 2006 populabitur
677 1963 741 2008 retas.

140 2018 165 2059 Et
175 2016 266 2073 placitus
275 2020 334 2074 rupis
343 2020 416 2063 vultus
425 2034 499 2066 aratus
510 2024 557 2066 erit.

111 2092 205 2146 Tempus
215 2092 266 2141 erit,
276 2106 320 2147 que
328 2108 366 2136 vos
375 2095 488 2151 speculum
498 2099 574 2143 vidisse
583 2099 678 2157 pigebit,

140 2165 165 2205 Et
175 2164 245 2208 veniet
254 2166 312 2221 rugis
322 2166 389 2211 altera
397 2183 475 2224 causa,
484 2173 552 2215 dolor.
