1650 2584
131 178 160 233 34
295 179 395 224 tnrts
413 179 598 224 Antronln
687 199 710 227 v.
723 198 776 239 721.

130 270 175 311 noc
184 268 244 312 aditu
253 268 296 311 vidi
307 270 384 313 tetricae
394 271 444 312 data
453 271 518 313 verba
527 270 616 326 puelle:

159 344 200 400 Qui
211 342 282 386 fuerat
291 345 373 395 cultor,
384 344 454 388 factus
463 355 549 389 amator
557 355 610 389 erat.

130 417 238 460 Candidus
248 417 270 460 in
279 428 346 461 naute
357 418 426 474 turpis
435 418 507 460 eolor:
518 418 610 474 (equoris
620 420 682 466 unda

161 492 236 542 Debet,
246 502 289 534 eta
299 492 363 534 radiis
371 492 456 534 sideris.
467 506 512 535 esse
523 492 590 549 niger.

131 567 208 622 Turpis
217 577 239 608 et
248 567 355 623 agricole,
364 567 401 622 qui
413 580 499 609 vomere
507 580 592 623 semper
601 568 700 621 adunco,

161 643 188 684 Et
197 641 295 697 gravibus
306 641 377 683 rastris
387 641 428 682 sub
437 642 488 682 Jove
497 650 567 682 versat
576 640 681 684 humum.

134 717 160 759 Et
169 723 218 765 tua,
229 715 325 757 Palladiae
334 714 415 770 petitur
424 714 459 756 cui
469 713 542 769 palma
551 727 648 767 coronae,

164 790 258 832 Candida
267 789 285 830 si
295 788 377 831 fuerint
385 801 486 843 corpora5
498 787 566 842 turpis
575 786 624 828 eris.

134 861 213 904 Palleat
222 862 293 904 omnis
302 875 391 905 amans:
401 861 437 903 hie
446 871 478 904 est
487 860 546 902 color
554 870 619 916 aptus
628 862 721 905 amanti.

164 936 201 978 llic
210 937 282 978 decet:
293 936 334 977 hoo
342 935 406 978 vultu
415 948 459 976 non
469 934 560 976 voluisse
571 943 657 988 putent.

135 1008 228 1051 Pallidus
237 1009 260 1049 in
269 1009 341 1065 Lyrice
350 1008 407 1051 silvis
417 1009 502 1050 errabat
511 1007 588 1049 Orion:

164 1082 257 1124 Pallidus
267 1082 289 1123 in
298 1080 356 1124 lenta
364 1082 433 1124 Naide
442 1081 536 1138 Daphnis
545 1091 598 1124 erat.

134 1158 214 1211 Arguat
224 1164 245 1197 et
254 1155 333 1197 macies
342 1155 442 1198 animum
451 1172 455 1197 :
465 1169 504 1197 nec
514 1164 578 1211 turpe
587 1156 683 1210 putaris,

166 1229 279 1272 Palliolum
288 1229 362 1272 nitidis
370 1229 498 1287 imposuisse
507 1230 582 1271 comis.

138 1304 255 1347 Attenuent
260 1302 368 1361 juvenum
379 1303 468 1359 vigilate
478 1317 568 1359 corpora
577 1315 663 1355 noctem

167 1378 276 1433 Curaque,
286 1388 307 1420 et
316 1392 328 1419 e
338 1391 417 1433 magno
427 1378 464 1432 qui
475 1376 499 1419 fit
508 1390 594 1428 amore,
602 1376 672 1421 dolor.

136 1452 164 1494 Ut
175 1460 223 1493 voto
233 1451 314 1507 potiare
324 1461 374 1501 tuo,
384 1450 511 1493 miserabilis
520 1459 579 1493 esto:

164 1527 201 1574 Ut,
211 1526 248 1580 qui
259 1536 279 1568 te
288 1526 369 1577 videat,
378 1525 448 1568 dicere
457 1525 534 1581 possit,
544 1528 615 1566 Amos.

136 1600 271 1654 Conquerar,
280 1613 308 1641 an
318 1612 432 1648 moneam,
442 1597 536 1641 mixtum
546 1596 578 1639 fas
588 1611 654 1640 omne
663 1599 784 1657 nefasque?

168 1673 254 1713 Nomen
263 1671 358 1714 amicitia
367 1682 409 1720 est,
420 1685 501 1713 nomen
510 1671 574 1713 inane
584 1670 643 1714 fides.

138 1746 176 1788 nei
186 1746 251 1787 mihi!
262 1759 305 1787 non
316 1754 388 1788 tuturn
398 1756 443 1797 est,
452 1745 511 1799 quod
520 1758 591 1793 ames,
600 1744 691 1789 laudare
699 1749 776 1793 sodali.

165 1820 239 1876 Quum
250 1818 288 1860 tibi
298 1819 393 1862 laudanti
403 1818 505 1866 eredidit,
515 1818 560 1873 ipse
569 1818 636 1861 subit.

137 1893 164 1936 dt
173 1906 217 1934 non
226 1892 333 1934 Actorides
343 1892 424 1934 lectum
434 1891 546 1933 temeravit
555 1890 652 1933 Achillis:

167 1968 278 2023 Quantum
288 1966 315 2006 ad
325 1964 457 2014 Pirithoum,
466 1964 553 2005 Phaedro
562 1964 641 2019 pudica
651 1964 702 2009 fuit.

137 2039 267 2084 Hermionen
277 2039 373 2095 Pylades,
383 2053 427 2094 quo
436 2039 520 2081 Pallada
529 2039 631 2086 Plroebus,
641 2042 744 2087 amabat:

167 2114 272 2170 Quodque
282 2113 321 2155 tibi
331 2114 440 2168 geminus,
450 2113 554 2170 Tyndari,
564 2115 640 2155 Castor
648 2126 702 2160 erat.

138 2186 159 2230 Si
168 2185 216 2242 quis
226 2185 283 2228 idem
293 2194 374 2242 sperat;
381 2185 480 2242 jacturas
489 2199 555 2242 poma
564 2186 658 2244 myricae
