1650 2584
64 201 147 242 uon.
302 195 401 238 LIBER
418 195 461 235 vl.

95 287 191 331 solemni
199 286 251 328 satis
260 294 291 326 est
301 297 351 326 voce
361 295 447 324 movere
456 294 528 336 preces
537 298 541 321 :

64 363 141 417 Sitque
150 369 216 416 caput
224 371 309 413 semper
317 359 415 399 Romano
425 363 493 396 tectus
502 353 595 402 amictu,

95 435 139 492 Qui
149 426 184 478 rei
193 435 216 476 in
226 443 300 476 nostro
308 431 413 488 septimus
423 430 476 471 urbe
486 427 534 470 fuit.

67 586 168 627 Ausim
177 581 219 623 hoc
230 578 336 635 templum
346 592 350 616 z
360 576 421 631 signo
432 584 504 618 tamen
513 572 549 614 ilie
558 569 654 627 pepercit

100 655 156 711 {gnis
165 669 169 693 :
179 668 242 711 opem
253 661 305 695 nato
314 650 420 693 Mulciber
429 648 473 703 ipre
483 645 540 689 tulit.

68 731 171 783 Namque
180 736 241 782 pater
249 724 306 768 Tuiii
315 720 438 770 Vulcanusi
448 718 533 761 Ocresia
543 725 618 766 mater,

100 800 209 855 Praesiguis
219 798 286 849 facie,
295 794 439 841 Corniculana
449 793 498 835 fuit.

70 877 130 917 lianc
140 888 214 916 secum
224 870 341 927 Tanaquil,
350 869 416 913 sacris
425 868 452 911 dc
462 879 523 908 more
532 862 625 921 paratis,

101 948 199 991 dussitin
209 956 312 990 ornatum
323 945 414 987 fundere
424 942 474 984 vina
482 940 564 982 focum.

74 1024 113 1065 llic
123 1022 178 1065 inter
188 1022 270 1063 cineres
280 1019 374 1062 obscoeni
384 1017 457 1059 forma
466 1014 533 1057 virilis

104 1099 147 1139 dut
156 1095 209 1145 fuit,
219 1105 258 1138 aut
267 1095 311 1136 visa
321 1103 365 1136 cst:
376 1092 413 1135 scd
423 1090 466 1132 fuit
476 1087 512 1130 illa
522 1084 597 1141 magis.

73 1171 136 1212 Jussa
146 1168 193 1210 loco
202 1167 286 1223 captiva
296 1166 366 1209 fovet:
377 1173 494 1219 conceptus
503 1161 531 1203 ab
541 1156 576 1200 iila

105 1244 200 1293 Servius,
209 1258 222 1286 a
231 1243 284 1286 coeio
293 1242 376 1285 semino
387 1240 456 1297 gentis
465 1238 538 1280 habet.

75 1319 140 1375 Signa
150 1318 209 1361 dedit
218 1318 307 1373 genitor,
320 1328 368 1360 tum
377 1329 447 1371 quum
457 1322 523 1368 caput
532 1311 580 1366 igne
590 1319 681 1350 corusco

106 1391 211 1447 Contigit,
220 1391 286 1445 ioque
295 1402 359 1432 coma
369 1389 486 1430 flammeus
496 1384 548 1427 arsit
558 1395 618 1438 apex.

77 1537 109 1579 Tr
118 1548 204 1591 quoquc
214 1532 340 1589 magnifica,
350 1530 482 1581 Concordia,
492 1528 577 1571 dedicat
586 1528 632 1570 aede

109 1609 177 1658 Livia.
186 1622 254 1664 quom
264 1621 315 1651 caro
324 1606 422 1662 prostitit
432 1605 468 1647 iila
478 1604 531 1646 viro.

78 1684 140 1727 Disce
149 1693 234 1733 tamen,
244 1682 330 1723 veniens
339 1690 400 1729 actas,
410 1679 448 1722 ubi
457 1678 515 1721 Livio
524 1691 582 1720 nunc
593 1685 626 1719 cst

109 1758 217 1806 Porticus,
226 1757 338 1799 immeusae
349 1766 403 1799 tecto
413 1754 479 1797 fuisse
489 1755 575 1796 domus.

77 1833 143 1878 Urbis
152 1846 206 1888 opus
216 1832 295 1874 domus
305 1843 348 1872 uno
358 1828 414 1871 fuit:
424 1827 562 1883 spatiumque
571 1826 670 1875 tenebat,

109 1911 158 1967 Quo
169 1907 253 1949 brevius
265 1906 332 1948 muris
342 1905 422 1961 oppida
432 1903 502 1946 multo
513 1912 594 1945 tenent.

78 1986 127 2027 liaec
136 1990 221 2038 aquata
230 1980 276 2023 solo
285 1989 327 2029 est,
338 1978 398 2021 nullo
408 1979 449 2020 sub
458 1975 549 2018 crimine
558 1973 631 2031 regni,

110 2055 151 2097 Sed
160 2053 210 2110 quia
220 2052 307 2095 luxuria
317 2051 362 2094 visa
370 2064 448 2093 nocere
457 2063 502 2092 suc.

80 2129 189 2172 Sustinuit
199 2138 268 2171 tantos
278 2139 369 2185 operum
380 2126 502 2169 subvertere
512 2120 581 2164 moics
