1650 2584
266 174 557 295 alsronnat
618 270 620 275 ·

224 409 364 470 LIBER
383 413 595 472 TERTIUS.

89 737 192 787 aslues,
201 737 302 793 depositis
310 738 385 796 clypeo
394 742 502 798 paulisper
511 753 532 787 et
540 745 613 798 hasta,

119 810 187 855 Mars,
198 810 258 859 ades;
268 820 289 853 et
299 811 376 854 nitidas
386 814 466 856 casside
474 815 531 858 solve
540 832 620 861 comas

88 880 188 922 Forsitan
197 881 241 937 ipse
251 896 322 938 roges,
332 884 385 939 quid
394 885 422 927 sit
430 899 482 927 curn
491 876 557 931 lllarte
567 901 645 946 poette:

119 954 135 994 Α
147 962 178 1002 te,
187 954 224 1008 qui
235 955 330 1007 canitur,
339 956 429 999 uomina
440 960 518 1024 mensis
527 961 600 1005 habet.

89 1027 137 1080 lpse
146 1025 204 1068 vides
214 1028 314 1070 manibus
323 1030 396 1085 peragi
406 1030 451 1073 fera
461 1032 517 1074 bella
525 1035 637 1079 Minerva:

119 1100 178 1140 Num
189 1099 260 1142 minus
270 1100 368 1156 ingenuis
377 1104 506 1148 artibus-illa
515 1114 587 1152 vacat?

27 1223 31 1232 ¹
85 1170 178 1214 Palladis
187 1173 284 1229 exemplo
293 1176 397 1230 ponendae
407 1186 504 1233 tempora
513 1194 575 1225 sume

117 1245 226 1300 Cuspidis:
237 1246 330 1290 invenies
339 1258 361 1291 et
370 1251 429 1304 quod
438 1251 526 1296 inermis
535 1269 592 1311 agas.

85 1320 144 1360 Tum
153 1333 239 1374 qnoque
248 1321 336 1364 inermis
346 1336 402 1373 eras,
412 1339 482 1379 quum
492 1336 513 1369 te
521 1330 618 1374 nomana
626 1335 724 1379 sacerdos

114 1392 187 1449 Cepit,
196 1403 221 1437 ut
229 1394 281 1437 huic
290 1396 341 1439 Urbi
351 1397 435 1441 semina
443 1398 508 1463 digna
517 1402 585 1445 dares.
742 1387 750 1395 '

85 1544 131 1584 lun
142 1541 231 1584 Vestalis
242 1540 307 1599 (quid
317 1544 376 1586 euim
386 1554 444 1587 vetat
452 1545 503 1587 inde
512 1552 620 1608 moverit)

114 1615 178 1656 Sacra
186 1614 292 1657 lavaturas
302 1630 366 1658 mane
375 1618 461 1672 petebat
470 1632 543 1673 aquas.

83 1690 180 1731 Ventum
190 1696 235 1729 erat
244 1689 271 1729 ad
281 1688 341 1749 molli
351 1689 455 1731 declivem
465 1693 552 1737 tramite
561 1696 642 1752 ripam:

112 1762 202 1804 Ponitur
211 1776 223 1803 e
231 1776 318 1804 summa
328 1763 398 1805 fictilis
407 1778 462 1806 urna
472 1779 542 1811 corna.

82 1840 146 1880 Fessa
154 1835 232 1878 resedit
241 1834 315 1886 humi,
325 1846 443 1891 ventosque
452 1840 532 1894 accepit
541 1855 615 1898 aperto

111 1912 209 1958 Pectore,
219 1907 316 1950 turbatas
325 1907 461 1963 restituitque
471 1924 549 1954 comas.

80 1987 138 2028 Dura
148 1982 217 2029 sedet.
227 1982 335 2024 umbrosa
344 1980 430 2030 salices,
439 1981 577 2041 volucresque
586 2004 668 2036 cauom

109 2058 215 2098 Fecerunt
223 2067 322 2102 somnos,
331 2063 352 2096 et
360 2053 406 2095 leve
415 2068 517 2098 murmur
525 2073 592 2116 aquae.

79 2128 162 2175 Blanda
171 2124 232 2180 quies
240 2125 300 2168 victis
309 2125 387 2168 furtim
397 2126 494 2182 subrepit
503 2131 585 2185 ocellis,

108 2204 135 2246 Et
145 2197 222 2244 cadita
232 2207 306 2241 mento
315 2197 417 2255 languida
428 2196 485 2242 facta
493 2215 578 2250 manus.
