1650 2584
55 209 71 238 r.
83 197 131 251 ³73.
287 195 388 237 LIBER
405 195 453 236 [ΙΙ.
662 200 689 241 tt

55 288 85 328 lra
94 286 165 337 subit,
174 284 273 328 deforme
283 283 381 334 malum,
392 282 489 339 lucrique
498 285 588 342 eupido;

80 360 207 416 impiaque,
218 370 240 401 et
249 359 312 409 rixae,
322 357 468 414 sollicitusque
477 359 546 402 dolor.

54 433 147 476 Crimina
156 433 274 475 dicuntur:
286 441 374 474 resonat
381 432 513 476 clamoribus
521 434 600 477 ather:

81 509 170 549 Invocat
178 505 246 548 iratos
255 514 278 547 et
286 504 328 546 sibi
338 504 429 560 quisque
438 507 496 547 Deos.

56 580 118 622 Nulla
128 579 193 629 fides;
205 578 328 633 tabulaeque
338 592 398 621 novae
407 593 446 634 per
455 589 504 622 vota
513 590 627 636 petuntur:

82 656 106 696 Et
115 653 218 710 lacrymis
227 652 271 694 vidi
280 664 335 707 saepe
345 652 432 694 madere
440 666 512 707 genas.

55 726 135 783 Jupiter
144 740 158 768 a
167 726 228 767 vobis
238 736 284 767 tam
296 724 366 780 turpia
375 724 466 767 crimina
476 726 551 782 pellat,

80 802 104 841 ln
113 799 195 855 quibus
205 808 236 841 est
246 797 285 839 ulli
294 811 347 840 cura
356 798 439 854 placere
447 799 501 841 viro.

55 875 93 916 llos
102 874 180 929 ignava
186 872 251 929 jocos
261 871 339 914 tribuit
347 873 430 914 Natura
438 873 525 929 puellis:

81 948 169 990 Materia
179 946 260 989 ludunt
269 946 369 988 uberiore
378 946 425 988 viri.

54 1022 106 1064 Sunt
115 1020 157 1063 illis
166 1018 289 1075 celeresque
298 1017 358 1074 pilae,
364 1017 518 1075 jaculumque,
529 1019 652 1078 trochique,

80 1098 201 1151 Armaque,
210 1104 232 1137 et
241 1095 263 1136 in
274 1107 336 1151 gyros
345 1093 376 1136 ire
385 1104 472 1137 coactus
480 1108 555 1150 equus.

55 1171 96 1213 Nec
107 1183 144 1212 vos
152 1170 249 1224 Campus
258 1168 336 1219 hahet,
345 1181 384 1209 nec
394 1181 431 1209 vos
441 1167 571 1223 gelidissima
579 1168 656 1226 Virgo5

81 1246 125 1287 Nec
135 1244 234 1286 Thuscus
243 1241 328 1298 placida
337 1241 423 1285 devehit
431 1243 502 1285 amnis
511 1257 574 1299 aqua.

55 1319 79 1360 dt
87 1317 147 1368 licet,
157 1327 179 1360 et
189 1317 288 1372 prodest,
297 1315 408 1371 Pompeias
418 1315 449 1357 ire
458 1329 496 1371 per
505 1317 606 1370 umbras;

83 1390 176 1448 Virginis
185 1388 279 1432 ethonis
287 1402 357 1444 quum
366 1398 432 1446 caput
440 1390 501 1432 ardet
509 1389 576 1446 equis.

55 1466 118 1510 Visite
127 1465 235 1522 laurigero
244 1473 328 1506 sacrata
337 1464 417 1507 Palatia
425 1465 514 1507 Phcebo:

80 1539 116 1582 ute
125 1538 256 1582 Paraetonias
266 1537 341 1579 mersit
349 1537 372 1579 in
380 1536 424 1579 alta
434 1546 495 1579 rates

57 1612 146 1670 qune
155 1624 218 1654 soror
226 1608 351 1666 conjuxque
359 1609 421 1651 ducis
430 1618 574 1651 monumenta
582 1622 699 1666 pararunt:

83 1686 202 1742 Navalique
211 1697 277 1741 gener
285 1683 369 1726 cinctus
378 1683 461 1725 honore
470 1692 541 1738 caput.

58 1760 119 1804 Visite
129 1759 260 1803 turicremas
269 1770 339 1799 vacca
348 1755 501 1812 Memphitidos
510 1770 569 1799 aras:

82 1834 148 1875 Visite
158 1829 283 1886 conspicuis
292 1838 353 1870 tema
362 1828 447 1871 theatra
457 1827 515 1870 locis.

57 1906 181 1962 Spectentur
191 1903 264 1960 tepido
274 1900 390 1943 maculoso
398 1900 503 1956 sanguine
512 1913 591 1953 arene3

81 1981 181 2033 Metaque
190 1973 282 2018 ferventi
292 1972 422 2015 circueunda
432 1983 485 2015 rota.

55 2052 113 2111 Quod
122 2051 187 2095 latet,
199 2049 300 2105 ignotum
310 2055 353 2088 est:
364 2045 432 2100 ignoti
442 2044 503 2087 nulla
512 2046 598 2101 cupido.

80 2125 254 2174 eructuabat,
265 2121 331 2164 iacies
339 2134 409 2176 quum
419 2121 476 2162 hona
486 2129 538 2162 teste
547 2130 612 2163 caret

52 2201 84 2243 l'n
93 2200 144 2241 licat
153 2208 175 2241 et
183 2197 311 2254 Thamyran
319 2206 418 2250 superes,
429 2202 452 2236 et
460 2193 561 2235 Amcebea
570 2201 647 2243 tantm
