1650 2584
120 172 165 225 314
347 173 530 215 FASTORUM
685 191 707 220 v.
720 179 777 232 64³.

122 260 209 304 Arcadis
218 261 310 303 Evandri
319 275 400 303 nomen
410 261 449 304 tibi
458 276 513 318 sepe
523 262 627 308 refertur:

149 331 187 374 llle
196 346 256 375 meas
265 333 331 375 remis
340 334 422 376 advena
432 334 494 376 torsit
503 349 578 390 aquas.

121 406 187 448 Venit
196 415 218 448 et
226 406 319 455 Alcides,
330 407 394 449 turba
403 407 520 450 comitatus
529 408 615 451 Achiva.

150 477 238 529 Albula,
247 478 264 520 si
275 478 377 530 memini,
388 488 440 521 tnnc
450 479 504 521 mihi
515 493 596 523 nomen
606 491 660 525 erat.

120 553 203 608 Excipit
211 552 305 608 bospitio
310 552 416 608 juvenem
425 552 542 596 Pallantius
551 554 626 597 heros:

149 626 174 667 Et
184 626 271 667 tandem
281 627 337 667 Caco
346 625 419 668 debita
429 639 492 680 poena
502 626 567 668 venit.

122 697 197 740 Victor
206 698 262 748 abit,
271 712 388 752 secumque
397 699 474 747 boves,
483 698 598 755 Erytheida
607 701 720 755 predam,

150 771 272 813 lbstrahit:
283 781 305 813 at
314 771 404 813 comites
414 771 500 827 longius
510 773 541 815 ire
551 784 638 828 negant.

121 845 241 899 Magnaque
251 858 300 898 pars
309 843 388 886 horum
398 845 487 887 desertis
496 856 583 888 venerat
592 846 665 902 Argis:

151 916 261 958 Montibus
271 916 304 957 bis
313 927 399 972 ponunt
408 931 512 973 spemque
523 920 643 975 Laremque
651 934 724 964 suum
733 940 738 963 :

121 991 179 1044 Saepe
190 1000 264 1031 tamen
274 991 347 1045 patriae
356 991 414 1033 dulci
425 1001 545 1047 tanguntur
554 1006 640 1043 nmore;

150 1067 218 1121 Atque
227 1064 304 1120 aliquis
315 1066 409 1107 moriens
419 1067 460 1108 hoc
470 1067 534 1108 breve
544 1068 635 1110 mandat
644 1081 714 1124 opus:

120 1136 198 1178 Mittite
208 1151 243 1178 me
252 1137 336 1178 Tiberi:
347 1138 453 1180 Tiberinis
463 1148 535 1181 vectus
545 1148 570 1182 ut
579 1140 643 1182 undis
713 1178 718 1185 .

149 1209 208 1251 Litus
218 1209 245 1250 ad
254 1210 367 1251 lnachium
377 1210 447 1265 pulvis
458 1211 527 1253 innuis
536 1225 592 1254 enm.

119 1282 220 1338 Displicet
229 1283 302 1324 lteredi
312 1285 409 1326 mandati
420 1298 471 1326 cura
481 1284 583 1341 sepulcri:

150 1359 248 1399 Mortuus
258 1356 351 1399 Ausonio
360 1358 463 1401 conditur
472 1359 549 1415 hospes
557 1358 634 1402 humo.

120 1430 205 1486 Scirpea
214 1444 254 1486 pro
263 1432 354 1473 domino
363 1431 434 1474 Tiberi
440 1433 539 1488 jactatur
548 1433 632 1489 imago,

149 1508 176 1547 Ut
186 1515 267 1561 repetat
275 1506 349 1548 Graias
358 1520 396 1561 per
406 1506 461 1549 freta
470 1506 534 1564 longa
543 1508 628 1550 domos.

119 1581 239 1622 Hactenus:
250 1590 275 1621 ut
284 1579 331 1620 vivo
340 1579 407 1623 subiit
417 1581 512 1622 rorantia
522 1594 573 1623 saxo

84 1668 94 1709 j
148 1658 226 1706 Antra,
235 1651 290 1695 leves
299 1667 389 1696 cursum
398 1653 531 1696 sustinuistis
538 1668 607 1708 aquae.

117 1803 189 1843 Corne
197 1814 264 1856 nepos
274 1801 375 1852 Atlantis,
385 1804 448 1844 ades:
458 1816 524 1858 quem
535 1803 649 1846 montibus
659 1805 715 1849 olim

148 1874 219 1917 Edidit
229 1874 322 1917 Arcadiis
330 1875 396 1917 Pleias
406 1890 450 1917 una
459 1876 506 1921 tovi
515 1893 519 1918 :

118 1947 178 1989 Pacis
187 1957 208 1989 ct
217 1961 342 1997 armorum,
351 1949 434 2004 superis
443 1949 535 2005 imisque
543 1951 640 1994 Deorum

148 2021 243 2069 Arbiter,
253 2018 311 2063 elato
320 2022 357 2076 qui
367 2024 420 2078 pede
430 2004 499 2078 carpis
508 2022 558 2065 iter:

118 2096 173 2136 Lete
183 2091 233 2149 lyrae
242 2093 318 2148 pulsu,
328 2094 396 2137 nitida
405 2109 492 2151 quoque
501 2095 548 2139 laete
558 2097 670 2152 palestra:

148 2170 196 2226 Quo
205 2167 280 2210 didicit
289 2169 346 2212 culte
356 2169 429 2226 linquo
440 2170 524 2214 laverite
533 2170 600 2227 loqui.
