1650 2584
87 186 169 238 utin.
347 184 446 227 LIBER
463 185 495 226 11.

119 274 227 330 Exiguum
237 272 312 330 templi
323 282 378 316 tecta
387 273 487 316 foramen
496 272 583 315 habent.

88 347 201 398 Termine,
211 357 260 403 pest
268 346 322 390 iilud
331 346 405 389 levitas
415 347 454 389 tibi
464 347 531 389 libera
540 359 585 388 non
594 354 632 388 cst.

118 420 166 475 Qua
175 420 258 475 positus
267 419 334 463 fueris
343 421 365 462 in
375 420 478 471 statione,
488 433 559 462 mane.
595 473 597 477 ,

88 496 133 536 Nee
143 502 168 536 tu
176 493 247 536 ricino
257 494 377 549 quidquam
387 493 481 537 concede
490 493 587 548 roganti,

117 567 150 608 Ne
160 565 244 609 videare
253 566 365 608 bominem
375 566 515 622 praeposuisse
523 565 577 607 invi.

86 641 112 682 Et
121 653 160 681 seu
171 638 305 689 vomeribus,
314 652 352 681 seu
362 649 387 681 tu
395 639 508 695 pulsabere
519 639 602 689 rastris;

115 709 226 761 (limato,
237 712 296 753 Meus
305 721 337 753 est
346 710 381 753 bic
391 725 447 767 ager,
458 711 494 753 ilie
504 720 561 754 tuus.

85 786 123 827 Est
131 783 177 833 via,
186 797 234 839 quae
242 783 349 840 populum
359 786 476 826 Laurentes
485 784 545 826 ducit
554 785 577 826 in
587 797 660 841 agros.

115 858 232 914 Quondam
242 858 348 901 Dardanio
357 872 423 914 regna
432 858 498 914 petita
507 858 564 901 duci.

84 930 137 974 Illac
146 930 235 986 lanigeri
244 931 326 987 pecoris
336 931 386 981 tibi,
396 932 508 981 Termine,
518 931 578 973 fibris

116 1008 180 1049 Sacra
190 1006 246 1049 videt
256 1006 302 1049 fieri
311 1016 383 1049 sextus
393 1007 421 1048 ab
431 1007 488 1048 Urbe
498 1005 557 1062 lapis.

84 1081 191 1125 Gentibus
201 1090 232 1123 est
241 1079 288 1122 aliis
298 1078 360 1122 telius
369 1080 420 1122 data
429 1078 497 1121 iimite
507 1088 576 1129 οπεος

115 1155 218 1195 Romane
227 1152 323 1208 spatium
333 1161 365 1195 est
373 1153 437 1214 lirbis
446 1162 468 1195 et
476 1152 535 1194 orbis
545 1152 609 1195 idern.

11 1278 18 1291 Ι
84 1305 151 1346 Nunc
161 1302 251 1345 dicenda
261 1301 315 1345 miht
324 1304 385 1358 Regis
395 1302 454 1358 fuga.
463 1303 536 1344 Traxit
545 1303 573 1344 ab
583 1301 620 1344 iila

115 1380 190 1420 Sextus
199 1379 227 1420 ab
236 1387 333 1422 extremo
342 1378 432 1420 nomina
442 1391 516 1419 mense
525 1377 576 1419 dies.

84 1452 166 1496 Ultima
175 1453 305 1508 Tarquinius
313 1454 417 1496 aomanae
427 1452 496 1508 gentis
505 1450 599 1494 habebat

113 1528 198 1582 Regna:
209 1526 242 1568 vir
250 1525 356 1582 injustus,
366 1525 428 1568 fortis
438 1526 465 1568 ad
475 1538 537 1566 arma
547 1535 627 1566 tamen.

83 1601 174 1655 Ceperat
184 1598 219 1639 bic
228 1597 292 1649 aliae,
301 1597 353 1640 alias
362 1607 467 1640 everterat
477 1596 552 1647 urbes;

112 1675 139 1716 Et
147 1672 226 1715 Gabios
236 1672 294 1728 turpi
304 1670 385 1715 fecerat
393 1680 440 1713 arte
449 1683 507 1712 suos.

82 1750 185 1802 Namque
195 1745 262 1788 trium
273 1745 389 1794 minimus,
398 1742 469 1801 proies
479 1742 594 1785 manifesta
603 1742 705 1799 Superbi,

113 1821 138 1861 In
148 1818 231 1861 medios
240 1817 312 1860 hostes
321 1826 385 1859 nocte
394 1816 470 1859 silente
479 1814 544 1857 venit.

82 1893 199 1937 Nudarant
208 1891 302 1948 gladios:
313 1891 418 1947 Occidisti,
428 1890 493 1940 dixit,
502 1890 617 1931 inermem.

112 1968 157 2009 Hoc
166 1964 256 2021 eupiunt
264 1963 351 2015 tratres,
361 1963 534 2019 Tarquiniusque
543 1972 611 2019 pater,

82 2041 125 2100 Qui
136 2054 184 2082 mea
194 2039 275 2082 crudeli
284 2037 385 2082 laceravit
394 2038 481 2080 verbere
491 2047 557 2094 terga.

112 2115 199 2172 (Dicere
209 2124 234 2157 ut
242 2115 283 2156 hnc
292 2122 374 2170 posset,
383 2113 472 2155 verbera
480 2125 555 2168 passus
564 2109 631 2165 erat.)

81 2191 143 2235 Luna
153 2186 202 2231 tuic
212 2190 313 2244 Spectant
319 2187 435 2244 juvenem,
445 2185 569 2243 gladiosque
578 2183 710 2235 recondunt;
