1650 2584
53 185 132 226 mdo.
317 185 418 227 tiana
435 186 467 228 ll.

54 273 106 315 ture
115 274 248 316 suburbano
258 273 342 329 poteris
353 274 391 316 tibi
400 275 471 318 dicere
480 277 556 330 missa;

80 345 117 388 llla
126 347 158 389 vel
169 348 193 389 in
203 350 271 389 Sacra
280 346 326 388 sint
335 345 385 389 licet
394 359 453 390 emta
463 349 508 392 Via.

54 418 138 462 Adferat
147 430 187 463 aut
197 432 263 469 uvas,
275 429 315 462 aut
323 434 377 474 quas
387 422 500 479 Amaryllis
509 425 608 478 amabam

80 495 105 535 At
115 508 174 537 nune
185 503 300 536 castaneas
310 507 355 534 non
365 506 425 537 amat
435 495 470 538 illa
480 511 553 540 nuccs.

54 568 184 624 Quinetiam
196 569 308 623 turdoque
317 567 377 619 licet,
388 570 494 627 missaque
504 573 618 628 columba,

79 644 107 684 Tc
118 656 244 685 memorem
254 641 349 684 dominae
360 643 472 686 testificere
481 655 529 688 tuae.

53 715 151 772 Turpiter
160 716 195 758 his
205 715 290 758 emitur
298 729 346 771 spes
355 718 443 768 mortis,
453 729 474 762 et
483 721 536 763 orba
546 733 651 767 senectus.

79 791 120 831 Ali!
131 799 236 847 pereant,
246 803 286 844 per
294 804 349 845 quos
359 805 450 834 munera
460 794 541 837 crimen
551 797 643 842 habent!

53 861 106 917 Quid
116 862 156 905 tibi
166 861 294 918 praecipiam
304 872 387 906 teneros
396 878 484 920 quoque
493 867 578 912 mittere
587 879 670 915 versus?

79 935 116 977 llei
126 935 195 977 mihil
205 948 252 976 nou
262 934 360 977 multum
369 950 457 979 carmen
466 939 555 983 honoris
564 943 634 987 habet

54 1008 152 1050 Carmina
161 1008 296 1050 laudantur:
307 1009 344 1049 scd
354 1022 446 1052 munera
455 1025 533 1067 magua
542 1025 653 1071 petuntur.

79 1081 205 1123 Dummodo
214 1079 243 1122 eit
252 1080 322 1131 dives,
332 1081 437 1124 barbarus
447 1083 491 1139 ipse
500 1085 576 1140 placet

55 1156 120 1196 turea
128 1167 190 1196 nunc
200 1166 249 1195 vere
258 1162 311 1195 sunt
319 1154 397 1196 secula.
407 1154 516 1201 Plurimus
524 1175 579 1204 auro

80 1229 143 1272 Venit
152 1228 237 1271 honos:
248 1242 303 1270 auro
312 1229 440 1272 conciliatur
448 1246 517 1276 amor.

56 1302 96 1356 lpse
105 1301 155 1345 lieet
166 1301 233 1344 illusis
243 1301 315 1343 venias
324 1303 450 1355 comitatus,
463 1309 563 1361 llomere;

82 1375 100 1417 Si
110 1375 164 1417 nihil
174 1375 284 1425 attuleris,
294 1375 346 1425 iuis,
356 1379 458 1429 uomere,
469 1380 533 1424 foras.

55 1448 104 1491 Sunt
114 1458 188 1491 tamen
198 1459 220 1492 et
229 1450 309 1497 doctae.
320 1449 428 1493 rarissima
439 1455 511 1503 turba.
522 1455 610 1511 puellae:

81 1522 149 1566 altera
159 1537 204 1566 nou
214 1524 282 1565 doctae
292 1525 367 1575 turba,
377 1526 413 1565 sed
423 1539 467 1567 esse
477 1530 559 1571 volunt.

55 1597 144 1654 Utraque
154 1597 272 1640 laudentur
281 1612 320 1653 per
329 1600 426 1641 carmina
435 1617 439 1641 :
450 1603 547 1646 carmina
556 1604 624 1650 lector

80 1674 222 1715 Commendet
231 1672 290 1714 dulci
300 1672 458 1731 qualiacunque
467 1691 527 1720 sono.

56 1746 87 1787 llis
96 1760 158 1802 ergo.
167 1756 207 1789 aut
216 1746 270 1795 illis,
281 1745 393 1802 vigilatum
403 1763 491 1792 carmen
501 1752 524 1793 iu
533 1753 601 1810 ipsas,

80 1821 175 1862 Forsitan
184 1820 257 1877 exigui
267 1821 364 1862 muueris
373 1822 440 1864 instar
449 1824 495 1865 erit.

55 1897 87 1943 lt,
96 1894 154 1950 quod
163 1890 205 1936 eris
215 1906 254 1949 per
264 1902 284 1935 te
294 1890 402 1944 facturus,
412 1905 434 1937 et
444 1897 495 1938 utile
505 1899 582 1953 eredis,

80 1969 101 2009 ld
111 1978 147 2010 tua
157 1978 177 2010 te
188 1966 256 2009 facito
266 1980 352 2022 semper
361 1968 431 2009 amica
440 1980 505 2024 roget.

54 2041 142 2084 Libertas
152 2040 217 2083 alicui
228 2039 295 2082 luerit
303 2041 408 2095 promissa
419 2052 518 2095 tuorum;

80 2116 135 2157 llanc
144 2125 219 2157 tamen
229 2128 242 2155 a
252 2112 342 2154 domina
352 2112 385 2154 fae
395 2125 454 2170 petat
463 2116 497 2157 ille
507 2127 551 2160 tua.

55 2187 73 2229 Si
82 2202 163 2245 punam
172 2200 250 2238 cervo,
260 2185 278 2229 si
287 2185 372 2231 vincula
381 2202 436 2231 sava
445 2189 547 2241 remittis3
