1650 2584
120 173 162 226 ³4⁶
348 172 532 215 russorum
683 187 706 215 v.
717 174 771 227 scs.

148 263 231 316 Totque
240 274 290 304 suas
298 260 365 304 haeres
375 263 463 318 perdere
472 263 541 304 Caesar
550 275 608 317 opes.

119 335 152 377 Sic
161 336 233 391 agitur
241 350 342 385 censura,
353 346 374 379 et
383 337 413 379 sic
423 337 520 392 exempla
529 346 649 392 parantur,

147 411 221 465 Quum
230 411 320 464 vindex,
329 411 382 453 alios
392 413 451 467 quod
461 421 547 463 monet,
556 411 602 467 ipse
611 411 673 454 facit.

118 557 193 598 Nmm
203 568 254 599 nora
264 568 306 607 est.
316 558 413 601 veniente
424 558 469 608 die,
479 571 546 613 quam
556 557 638 600 ducere
648 559 732 615 possis.

147 631 221 673 Idibus
229 631 310 674 invicto
318 642 370 675 sunt
380 633 431 674 data
443 631 523 687 templa
532 632 586 674 Jovi.

118 705 143 745 Er
149 703 198 759 jam
208 704 356 762 Quinquatrus
363 705 445 760 jubeor
454 718 543 747 narrare
553 705 659 748 minores.

147 779 212 819 Nunc
221 780 281 829 ades,
292 782 316 821 0!
326 780 410 836 creptis,
422 779 476 822 flava
485 779 591 831 Minerva,
601 780 666 822 meis.

118 853 162 894 Cur
170 867 236 909 vagus
246 853 325 897 incedit
335 865 380 897 tota
390 854 469 898 tibicen
479 854 501 896 iu
511 856 578 897 Urbe!

146 924 203 980 Quid
212 927 252 967 sibi
263 940 370 982 persone,
379 927 433 982 quid
442 926 497 969 stola
506 926 580 981 longa,
590 925 688 971 volunt?

117 1000 150 1042 Sic
159 1014 198 1055 ego
207 1018 211 1042 :
221 1001 251 1043 sic
260 1001 330 1056 posita
339 1002 437 1045 Tritonia
446 1001 534 1057 cuspide
542 1001 603 1044 dixit.

145 1077 198 1117 Pace
208 1075 271 1116 velim
281 1076 348 1119 doctae
358 1078 423 1118 verba
433 1076 513 1118 referre
522 1078 574 1118 Dee.

118 1148 278 1204 «Temporibus
289 1158 385 1191 veterum
396 1149 489 1192 tibicinis
500 1163 551 1192 usus
561 1162 656 1191 avorum

146 1222 247 1276 Magnus,
258 1232 278 1263 et
288 1221 310 1262 in
321 1236 400 1277 magno
410 1236 496 1278 semper
505 1223 587 1264 bonore
596 1220 648 1264 fuit.

119 1294 225 1335 cantabat
234 1293 301 1344 fanis,
312 1295 415 1336 cantabat
425 1293 478 1337 tibia
486 1294 555 1336 ludis:

146 1368 253 1410 Cantabat
262 1367 342 1410 mestis
352 1368 405 1410 tibia
414 1367 536 1410 funeribus.

118 1440 190 1482 Dulcis
200 1449 246 1483 erat
255 1442 353 1483 mercede
363 1441 437 1483 labor:
449 1451 577 1498 tempusque
586 1451 707 1495 secutum,

144 1514 207 1568 Quod
216 1514 288 1558 subito
298 1514 365 1556 Graire
373 1513 482 1570 frangeret
491 1514 543 1557 artis
552 1527 613 1569 opus.

115 1588 173 1630 udde
181 1589 240 1643 quod
250 1588 332 1639 edilis,
342 1602 446 1644 pompam
457 1589 494 1644 qui
504 1588 587 1630 funeris
595 1588 665 1640 irent,

143 1660 239 1703 Artifices
248 1652 309 1703 solos*
310 1662 320 1717 j
324 1671 405 1703 usserat
414 1676 459 1703 esse
468 1662 550 1703 decem.

114 1734 192 1795 Exsilio
202 1744 290 1778 mutant
298 1736 390 1786 Urbem,
398 1735 510 1790 Tiburque
520 1735 626 1777 recedunt

143 1807 260 1864 (Exsilium
270 1811 365 1865 quodam
376 1818 474 1865 tempore
484 1810 551 1852 Tibur
560 1808 635 1864 erat):

67 1915 69 1917 ,
115 1879 224 1936 Quaerirur
233 1883 255 1923 iu
265 1898 328 1926 scena
338 1897 389 1926 caru
399 1884 463 1935 tibia;
473 1883 579 1940 quaeritur
587 1882 631 1925 uris
641 1899 646 1924 :

143 1952 205 1994 Ducit
214 1967 327 2009 supremos
337 1957 406 1999 nenia
416 1956 476 1999 nulla
487 1966 552 1999 toros.

113 2022 217 2065 Servierat
225 2027 326 2080 quidam,
335 2029 473 2084 quantolibet
482 2030 558 2072 ordine
567 2029 660 2085 dignus,

143 2094 233 2150 Tibure;
243 2100 279 2141 sed
288 2100 354 2157 longo
363 2112 461 2158 tempore
471 2102 526 2145 liber
535 2112 589 2144 erut.
