1650 2584
116 182 158 224 3⁵0
343 177 528 221 rasronou
682 184 773 237 ψῃ.

114 273 216 326 Namque
224 270 261 326 pio
268 268 345 326 juveni
354 270 423 311 vitam
433 267 479 310 sine
488 266 577 310 vulnere
587 268 697 321 reddam,

143 346 169 387 Et
178 344 256 387 cedent
264 342 305 386 arti
315 343 384 386 tristia
394 341 440 385 fata
450 355 511 385 meu.

114 418 218 461 Gramina
226 417 332 460 continuo
341 416 418 459 loculis
428 415 538 472 depromit
547 415 653 459 eburnis:

142 491 272 533 Profuerant
281 489 356 533 Glauci
366 489 469 532 manibus
477 488 515 531 ilia
523 489 584 545 prius
593 504 598 528 ε

116 567 188 615 Tune,
198 576 269 620 quum
279 562 402 605 observatas
412 576 484 618 augur
493 562 604 605 deseendit
613 563 638 605 in
648 564 750 620 herbas,
816 612 817 627 χ

143 640 198 681 Usus
207 649 229 681 et
237 638 318 681 auxilio
327 647 359 680 est
367 637 445 692 anguis
454 638 482 678 ab
493 651 563 693 angue
572 637 634 680 dato.

114 715 201 755 Pectora
211 721 244 754 ter
253 712 333 768 tetigit,
343 720 376 754 ter
385 712 450 754 verba
459 710 556 753 salubria
565 710 620 754 dixit
629 726 634 751 :

143 787 270 842 Depositum
280 797 337 829 terra
346 784 435 828 sustulit
444 783 479 827 iiie
489 796 561 841 eaput.

113 866 183 906 Lucus
193 876 256 912 eum,
265 861 404 917 nemorisque
414 861 458 912 tui,
468 861 585 918 Dictynna,
595 873 698 906 recessus

142 936 201 980 Colat
210 954 214 977 :
223 936 309 979 Aricino
317 936 407 978 Virbius
417 934 453 977 iile
463 934 518 977 lacu.
553 944 556 951 ’

114 1014 140 1053 nt
149 1010 266 1068 Clymenus
275 1010 395 1066 Clothoque
405 1004 491 1061 dolent,
502 1009 547 1052 haec
556 1008 593 1051 fila
603 1011 676 1053 teneri
684 1046 690 1060 ,

144 1084 181 1126 flic
191 1083 237 1125 fieri
248 1084 307 1139 regui
314 1082 367 1139 jura
377 1083 464 1125 minora
473 1083 515 1125 sui.

112 1157 203 1212 Jupiter,
212 1156 337 1212 exemplum
347 1157 438 1206 veritus,
449 1155 528 1198 direxit
537 1155 559 1196 in
569 1155 634 1198 illum

142 1230 253 1278 Fulmina,
264 1230 301 1285 qui
311 1229 385 1271 nimiae
395 1238 494 1272 moverat
502 1229 554 1271 artis
564 1242 637 1285 opem.

113 1305 201 1354 rhoebe,
211 1303 342 1359 querebaris.
352 1305 407 1345 Deus
418 1313 462 1346 est:
473 1302 559 1360 placare
568 1304 662 1359 parenti.

142 1380 232 1432 Propter
241 1385 273 1428 te,
283 1376 330 1418 fieri
340 1377 399 1432 quod
408 1386 478 1427 vetat,
489 1377 534 1433 ipse
543 1375 603 1418 facit.

114 1529 164 1569 Nou
173 1540 212 1583 ego
222 1535 255 1577 te,
264 1528 364 1582 quamvis
373 1526 500 1583 properabis
509 1526 606 1577 vincere,
616 1527 698 1579 Caesar,

142 1601 163 1643 Si
173 1610 230 1643 vetet
240 1601 374 1656 auspicium,
384 1600 445 1655 signa
456 1614 543 1641 movere
552 1599 625 1641 velim.

112 1675 159 1718 Sint
168 1674 208 1717 tibi
217 1674 337 1716 Flaminius
346 1674 517 1729 Trasimenaque
526 1672 590 1716 litora
600 1683 678 1725 testes,

141 1751 180 1791 Per
189 1750 286 1793 volucres
296 1763 369 1805 aequos
378 1749 450 1792 multa
459 1762 549 1791 monere
558 1750 619 1791 deos.
664 1792 666 1796 ,

112 1825 220 1879 Tempora
229 1824 246 1865 si
257 1825 333 1866 veteris
342 1825 422 1879 queris
431 1823 548 1866 temeraria
556 1823 642 1874 damni;

140 1898 235 1953 Quartus
245 1899 272 1940 ab
282 1907 378 1940 extremo
388 1912 463 1940 mense
473 1898 506 1941 bis
515 1898 551 1940 ille
560 1898 612 1941 dies.

109 2041 205 2080 rosum
215 2039 253 2082 iux
263 2041 347 2085 melior.
357 2045 449 2098 Superat
459 2044 572 2087 Masinissa
581 2045 723 2103 Syphacem

137 2112 163 2151 Et
172 2112 249 2155 cecidit
259 2114 306 2156 reiis
316 2116 437 2159 Hasdrubal
447 2116 493 2173 ipse
503 2118 554 2161 suis.
