1650 2584
134 199 163 252 48
306 197 403 239 luris
421 196 604 238 lusionis
693 212 713 239 r.
727 196 776 240 23⁸.

162 283 260 340 Frigidus
270 292 291 326 et
300 285 359 325 nuda
369 298 424 338 saepe
430 283 513 338 jacebis
523 282 598 324 humo.

134 357 238 416 Cynthius
248 357 332 399 Admeti
342 370 416 397 vaccas
428 356 509 411 pavisse
518 356 614 397 Plueraeas

162 434 244 483 Fertur,
253 442 274 473 et
283 431 306 472 in
315 445 380 486 parva
390 431 499 471 delituisse
509 444 564 471 casa.

134 508 196 567 Quod
207 507 309 549 ehoebum
320 507 402 551 decuit.
412 520 478 560 quem
488 520 532 547 nou
543 506 616 548 decet?
624 519 680 548 exue
690 506 772 557 fastus,

162 584 241 624 Curam
253 580 349 622 mansuri
359 580 457 634 quisquis
466 580 546 621 amoris
556 580 629 621 habes.

132 655 154 699 Si
164 656 203 699 tibi
213 669 250 711 per
260 666 333 697 tutum
342 655 477 710 planumque
487 655 604 709 negabitur
613 655 656 705 ire,

161 732 230 785 atque
240 729 280 771 erit
289 729 386 784 adposita
392 728 462 783 janua
472 727 528 770 fulta
538 741 596 777 sera3

133 807 160 850 lt
170 815 194 848 tu
203 819 241 860 per
249 818 341 860 praeceps
352 814 408 846 tecto
418 803 516 845 delabere
526 812 613 858 aperto:

163 883 201 922 Det
210 894 296 936 quoque
306 879 395 921 furtivas
405 879 449 921 alta
458 878 551 920 fenestra
561 878 612 920 vias.

134 956 190 997 teu
199 953 250 1002 erit,
261 962 285 994 ut
295 966 382 994 causam
394 951 432 993 tibi
443 966 465 993 se
474 951 526 993 sciet
535 965 579 992 esse
588 949 671 1006 pericli.

85 1035 90 1041 “
163 1027 207 1067 lloe
216 1024 309 1067 dominu
318 1024 370 1066 certi
380 1025 459 1079 pignus
469 1023 549 1065 amoris
558 1023 605 1066 erit.

135 1101 193 1155 saepe
203 1108 240 1140 tua
251 1109 346 1153 poteras,
356 1100 461 1145 Leandro,
472 1110 543 1138 carere
552 1096 636 1152 puella:

162 1171 280 1217 Tranabas;
291 1170 390 1212 animum
401 1179 473 1211 nosset
482 1178 507 1211 ut
516 1169 553 1211 illa
563 1179 635 1211 tuum.

133 1245 178 1287 Nec
188 1243 258 1299 pudor
267 1241 365 1290 ancillas,
376 1251 400 1283 ut
410 1255 501 1297 quaeque
510 1241 551 1284 erit
560 1242 636 1284 ordine
647 1242 732 1298 prima,

162 1319 207 1359 Nec
217 1316 256 1359 tibi
265 1316 292 1358 sit
301 1329 371 1358 servos
381 1316 512 1357 demeruisse
521 1317 598 1370 pudor.

134 1389 228 1433 Nomine
238 1403 346 1445 quemque
355 1403 407 1439 suo,
418 1388 478 1430 nulla
487 1398 519 1431 est
525 1388 623 1443 jactura,
633 1389 705 1433 saluta
714 1408 720 1433 :

163 1466 231 1519 lunge
241 1463 284 1506 tuis
293 1463 398 1513 humiles,
408 1462 535 1513 ambitiose,
545 1476 631 1505 manus.

135 1538 175 1584 Sed
186 1548 257 1582 tamen
267 1549 288 1581 et
296 1553 367 1589 servo,
378 1538 430 1581 levis
439 1548 471 1582 est
480 1539 590 1593 impensa,
600 1538 686 1594 roganti

162 1611 247 1667 Porrige
257 1611 350 1654 fortunae
359 1626 451 1655 munera
460 1625 526 1667 parva
537 1620 584 1653 tuae.

135 1686 220 1743 Porrige
230 1696 251 1728 et
260 1685 353 1736 ancilla,
363 1700 407 1741 qua
417 1700 489 1741 poenas
499 1684 547 1727 luce
556 1683 660 1740 pependit

163 1762 218 1803 Lusa
228 1759 321 1802 maritali
330 1759 410 1802 Gallica
420 1769 476 1801 veste
486 1771 570 1800 manus.

134 1837 176 1877 Fae
185 1833 282 1889 plebem,
292 1832 346 1874 milii
355 1833 429 1883 crede,
439 1843 513 1875 tuam:
524 1831 552 1873 sit
560 1844 647 1887 semper
655 1831 680 1874 in
689 1831 729 1876 illa

163 1908 253 1958 ianitor,
263 1917 284 1950 et
294 1907 383 1950 thalami
392 1909 430 1963 qui
437 1907 496 1963 jacet
504 1915 555 1949 ante
565 1904 629 1948 fores.

133 1984 179 2025 Nec
188 1980 301 2022 dominam
307 1979 376 2036 jubeo
386 1980 480 2035 pretioso
490 1993 580 2021 munere
589 1980 671 2023 dones:

162 2055 240 2103 Parva,
250 2052 286 2093 sed
296 2065 307 2093 e
317 2052 387 2106 parvis
396 2052 487 2094 callidus
497 2062 547 2107 apta
556 2053 616 2094 dato.

133 2128 191 2170 lium
200 2126 255 2167 bene
264 2124 322 2166 dives
331 2138 387 2180 ager,
397 2126 452 2167 dum
462 2125 518 2167 rami
527 2126 623 2182 pondere
632 2138 730 2182 nutant5

164 2197 251 2242 Adferat
260 2197 283 2240 in
292 2197 378 2241 calamo
388 2198 469 2241 rustica
478 2199 537 2243 dona
545 2213 607 2255 puer.
