1650 2584
69 176 87 207 v.
99 171 145 224 640.
319 182 420 230 oraru
437 190 453 231 r.
678 209 702 251 3,

96 259 183 306 Detinet.
193 265 291 310 Innooue
304 270 378 323 vivite;
388 288 470 322 numen
480 283 546 328 adest.

68 331 152 376 Reddite
161 337 286 394 depositum
296 359 301 383 :
313 343 381 398 pietas
389 362 429 391 sua
439 351 517 399 foedera
525 372 603 405 servet:

94 406 158 450 Fraus
166 410 236 455 absit:
247 428 327 458 vacuas
337 420 399 462 eredis
408 421 486 468 habete
495 443 580 476 manus.

68 478 149 533 Ludite,
158 484 176 526 si
187 488 275 542 sapitis,
285 490 342 534 solas
352 493 442 550 impune
450 501 539 554 puellas.

94 555 134 598 Hae
143 559 218 603 minus
227 572 260 606 est
269 578 314 607 una
323 565 399 611 fraude
409 576 487 618 tuenda
493 577 557 623 fides.

66 625 134 672 Fallite
145 631 256 678 fallentes:
267 652 293 680 ex
304 654 382 696 magna
392 657 453 700 parte
462 651 579 705 profanum

91 703 144 746 Sunt
153 720 228 761 genus.
240 712 263 752 In
274 711 372 768 laqueos,
382 732 437 772 quos
445 735 546 778 posuere,
556 732 641 777 cadant.

64 773 141 819 Dicitur
153 784 251 839 Egyptos
260 787 354 831 caruisse
360 789 488 846 juvantibus
497 813 548 844 arva

93 850 212 906 Imbribus,
221 867 288 914 atque
297 875 366 906 anuos
374 866 431 908 sicca
440 868 505 914 fuisse
514 889 599 921 novem.

65 922 135 976 Quum
144 929 247 974 Thrasius
257 935 340 979 Busirin
352 939 408 992 adit,
419 955 567 1005 monstratque
576 953 631 1009 piari

92 997 182 1055 Hospitis
192 1003 264 1048 effuso
273 1011 379 1065 sauguine
389 1027 450 1068 posse
458 1019 539 1065 Jovem.

62 1066 93 1109 Ilii
102 1071 190 1123 Busiris,
200 1077 247 1120 Fies
256 1081 314 1124 Jovis
323 1083 393 1127 hostia
402 1088 497 1143 primus,

89 1146 169 1202 lnquit,
180 1160 202 1193 et
212 1155 301 1210 Egypto
312 1150 336 1199 tii
345 1160 406 1203 dabis
416 1163 492 1221 hospes
504 1183 591 1226 aquam.

64 1216 86 1259 Et
93 1220 186 1265 Phalaris
197 1234 260 1268 tauro
271 1228 358 1272 violenti
369 1237 468 1279 membra
477 1242 546 1284 Perilli

87 1294 178 1340 Torruit.
189 1299 265 1343 infelix
275 1301 357 1348 imbuit
366 1319 442 1352 auctor
451 1326 512 1368 opus.

60 1364 126 1411 iustus
137 1380 229 1427 uterque
240 1374 287 1418 fuit.
299 1379 374 1433 Neque
383 1383 442 1425 euim
451 1385 484 1428 lex
493 1392 575 1445 nquior
584 1395 638 1450 utta,

85 1443 153 1499 Quarn
163 1447 223 1489 necis
233 1449 326 1493 artifices
335 1463 381 1497 arte
390 1458 459 1512 perire
468 1475 514 1506 sua.

60 1512 107 1570 Ergo
116 1516 156 1573 (ut
165 1519 265 1575 perjuras
275 1524 353 1568 merito
363 1528 459 1586 perjuria
468 1532 559 1594 fallunt)

83 1591 184 1649 Exemplo
194 1594 267 1640 doleat
278 1596 359 1643 femina
368 1601 416 1645 lusa
426 1619 473 1649 suo.

58 1663 79 1706 Et
86 1664 185 1725 lacrymae
194 1683 288 1726 prosunt
297 1690 302 1715 :
313 1674 413 1733 lacrymis
422 1683 539 1729 adamanta
551 1694 653 1738 movebis.

82 1739 120 1781 Fae
129 1742 229 1784 madidas
240 1743 323 1797 videat,
333 1748 351 1790 si
360 1761 432 1805 potes,
443 1755 478 1797 itta
488 1772 558 1812 genas.

56 1807 74 1849 Si
81 1809 180 1870 lacryma
190 1815 199 1871 (
205 1830 277 1872 neque
286 1820 345 1862 euim
354 1824 444 1868 veniunt
453 1827 475 1870 in
487 1840 583 1889 tempore
591 1843 689 1901 semper)

80 1888 194 1943 Deficieut,
205 1893 249 1934 uda
260 1892 344 1938 luminu
354 1907 416 1954 tange
427 1915 501 1946 mauu.

57 1958 102 2015 Quis
110 1964 196 2019 sapiens
206 1964 293 2007 blandis
302 1981 347 2010 uon
357 1972 445 2017 misceat
454 1979 527 2022 oscula
537 1985 619 2030 verbisr

80 2035 116 2079 Illa
124 2037 174 2081 licet
184 2052 230 2081 nou
240 2040 287 2091 det‚·
298 2056 342 2085 non
352 2046 402 2090 data
411 2063 474 2094 sume
483 2062 563 2100 tamen.

54 2106 153 2164 Pugnabit
162 2114 237 2167 primo
248 2111 353 2168 fortassia;
363 2128 394 2171 et,
405 2123 516 2179 improbe,
526 2131 593 2175 dicet:

78 2186 195 2243 Pugnando
205 2188 265 2242 vinci
275 2192 312 2233 sed
321 2202 395 2237 tomen
404 2196 441 2240 illa
450 2200 512 2243 volet.

584 2277 604 2317 3.
