1650 2584
68 192 136 244 qu.
314 191 414 232 LlllEll
431 192 463 232 11.
666 203 705 244 ¹77

99 279 196 331 Primus,
207 290 231 322 nt
240 289 282 328 est,
292 280 340 321 lani
350 279 430 321 mensis
439 289 460 322 et
469 288 519 321 ante
529 278 578 322 tuit.

69 355 112 411 Qui
122 355 221 410 sequitur
228 357 319 402 lanum,
329 354 404 396 veteris
413 353 457 396 fuit
466 353 556 395 ultimus
566 353 624 395 anni.

99 428 133 467 Tu
142 439 229 481 quoque
238 440 362 476 sacrorum,
371 427 482 476 Termine,
494 425 542 467 finis
551 439 603 467 eras.

68 500 155 542 Primus
165 501 223 541 eninr
233 489 281 542 lani
291 501 380 551 mensis,
390 501 441 556 quia
448 501 517 556 janua
527 500 597 556 prima
606 507 644 545 est

99 574 142 629 Qui
152 586 212 615 sacer
221 583 253 616 est
261 574 311 615 imis
321 575 431 623 Manibus,
441 574 499 616 imus
508 584 560 616 erat.

70 648 188 690 Postmodo
198 649 317 690 ereduntur
325 650 394 704 spatio
404 649 506 691 distantia
515 649 579 705 longo

100 723 209 777 Tempora
218 722 251 764 bis
260 722 320 777 quini
330 723 468 765 continuasse
478 722 537 764 viri:

70 868 183 908 Pnruorrro
194 866 284 916 mensis,
293 867 387 925 Phrygia
397 866 531 909 contermina
541 867 613 918 Matri,

101 939 186 994 Sospita
195 939 289 982 delubris
298 941 377 982 dieitur
386 950 450 982 aucta
459 939 525 981 novis.

71 1015 138 1055 Nune
149 1012 186 1054 ubi
196 1012 249 1062 sint,
259 1012 310 1065 illis,
320 1014 408 1069 quaeris,
418 1022 501 1055 saerata
510 1013 619 1067 Kalendis,

102 1085 194 1141 Templa
202 1087 260 1128 Deae?
270 1086 334 1142 longo
344 1087 480 1142 procubuere
489 1087 529 1129 die.

71 1161 149 1203 Cetera
158 1173 185 1200 ne
194 1159 259 1201 simili
269 1160 370 1203 caderent
379 1159 486 1203 labefacta
495 1161 557 1203 ruina

102 1233 164 1275 Cavit
172 1233 249 1275 sacrati
258 1232 347 1288 provida
356 1247 408 1276 cura
419 1234 495 1275 Ducis:

72 1308 119 1351 Sub
128 1320 173 1363 quo
183 1306 278 1361 delubris
287 1308 379 1350 sentitur
388 1307 449 1349 nulla
458 1317 561 1351 senectus.

103 1383 148 1424 Nec
158 1381 209 1423 satis
218 1391 250 1423 est
258 1381 357 1424 homines
366 1399 370 1423 :
381 1381 462 1437 obligat
471 1381 506 1422 ille
515 1383 575 1423 Deos.

73 1456 217 1512 Templorum
226 1456 315 1511 positor,
326 1455 457 1511 templorum
467 1465 540 1497 sancte
550 1464 652 1511 repostor‚

103 1529 135 1572 Sit
143 1529 239 1584 Superis,
250 1540 312 1584 opto,
323 1540 401 1571 mutua
410 1542 462 1570 eura
473 1528 511 1570 tui.

73 1604 129 1645 Dent
138 1602 177 1644 tibi
187 1602 291 1653 coelestes,
301 1616 356 1657 quos
366 1612 389 1645 tu
398 1602 530 1651 eoelostibus,
540 1614 620 1653 annos;

104 1678 188 1730 Proque
198 1686 235 1717 tua
245 1685 347 1718 maneant
356 1675 378 1716 in
388 1675 479 1717 statione
488 1675 561 1716 domo.

74 1750 132 1792 Tum
142 1761 229 1803 quoque
239 1748 302 1790 vicini
311 1748 373 1790 lueus
383 1748 504 1790 celebratur
511 1747 579 1804 Asyli,
618 1777 621 1786 ,

103 1825 152 1878 Qua
161 1822 214 1878 petit
222 1836 331 1878 :equoreas
341 1823 423 1864 advena
432 1822 501 1864 Tibris
511 1836 584 1877 aquas.

73 1898 106 1941 dd
116 1895 225 1953 penetrale
235 1898 323 1945 Numae,
332 1894 522 1951 Capitolinumque
531 1896 663 1950 Tonantem,

104 1974 173 2027 lnqne
181 1971 238 2012 lovis
248 1984 336 2013 summa
345 1971 435 2013 eaeditur
444 1984 492 2012 aree
502 1970 582 2012 bidens·

59 2101 60 2104 Ἴ
74 2049 135 2102 Saepe
144 2058 218 2101 graves
227 2044 309 2100 pluvias
319 2045 434 2100 adopertus
443 2043 539 2087 nubibus
547 2047 622 2088 Auster

104 2117 216 2165 eoncitat,
226 2128 264 2159 aut
273 2118 342 2174 posita
352 2119 393 2160 sub
402 2117 451 2159 nive
461 2127 517 2161 terra
525 2116 583 2160 latet.

75 2191 190 2235 Proximus
199 2192 309 2247 Hesperias
317 2191 381 2234 Titan
390 2190 504 2234 habiturus
513 2191 536 2233 in
546 2191 625 2242 undas,
