1650 2584
133 193 172 243 176
354 191 536 234 FtsTonnnt
698 206 719 235 v.
733 206 770 234 21.

129 276 242 320 Pontifices
251 280 278 320 ab
287 281 341 334 Rege
350 288 428 334 petunt
437 288 458 321 et
467 277 563 320 Flumine
573 276 643 329 lanes,

156 352 209 407 Quis
219 353 283 395 veteri
293 353 366 409 lingna
375 354 458 395 Februa
468 366 548 394 nomen
557 361 609 394 eret.

129 425 223 481 Quaque
232 426 290 481 capit
299 426 361 468 lictor
370 426 473 468 domibus
483 421 613 481 purgamina
622 425 696 478 certis,

158 500 247 541 Torrida
256 515 307 543 cum
317 502 373 542 mica
383 501 451 551 ferra,
461 511 566 543 vocantur
576 501 640 542 idem.

130 572 214 614 Nomen
225 573 282 617 idem
291 588 364 624 ramo,
374 575 411 628 qui
421 588 487 617 caesus
495 575 523 616 ab
533 575 609 616 arbore
619 587 685 630 pura,

158 647 219 689 easta
227 649 363 690 sacerdotum
373 657 472 703 temporo
481 647 557 689 fronde
569 648 625 702 tegit.

129 720 176 774 Ipse
185 732 224 775 ego
233 719 373 762 Flaminicam
383 729 506 776 poscentem
517 719 594 761 februa
603 718 645 761 vidi
654 734 658 759 :

158 793 241 834 Februa
250 794 345 849 poscenti
354 794 418 849 pinea
427 794 484 850 virga
495 795 545 836 datu
555 803 593 836 est.

130 866 224 922 Denique
233 867 378 923 quodcunque
387 876 430 917 est,
440 880 484 922 quo
493 876 580 922 pectora
589 874 662 908 nostra
671 866 769 922 piamun,

158 942 202 982 Hoc
212 941 269 995 apud
279 941 375 983 intonsos
384 954 465 983 nomen
474 940 569 982 habebat
578 953 635 981 nvos.

130 1014 208 1068 Mensis
217 1014 244 1055 ab
254 1014 287 1055 his
296 1014 376 1064 dictus,
386 1023 444 1057 secta
453 1013 505 1069 quia
514 1012 568 1069 pelle
578 1012 667 1068 Luperci

159 1088 227 1128 Omne
237 1086 307 1130 solnm
317 1086 422 1138 lustrant,
432 1088 496 1143 idque
506 1087 594 1142 piamen
602 1086 694 1137 habent;

62 1153 65 1168 ”
130 1161 173 1201 Aut
181 1160 232 1215 quia
241 1160 330 1215 placatis
340 1170 391 1204 sunt
400 1170 499 1217 tempora
508 1173 563 1216 pura
571 1158 685 1214 sepulcris,

160 1234 221 1274 Tunc
231 1247 300 1288 quum
311 1232 387 1275 ferales
398 1233 518 1289 preteriere
528 1232 579 1274 dies.

63 1325 65 1329 ⁴
131 1307 199 1348 Omne
209 1305 280 1355 nefas,
290 1320 422 1362 omnemque
432 1306 483 1348 mali
493 1305 623 1362 purgamina
633 1320 724 1348 causum
784 1319 790 1330 ·

159 1381 280 1422 Credebant
288 1381 355 1422 nostri
366 1379 440 1422 toliere
450 1394 511 1436 posse
520 1393 588 1421 senes.

132 1453 211 1496 Graecia
220 1453 350 1509 principium
360 1453 427 1495 moris
437 1452 491 1495 tuit:
502 1452 539 1494 ilia
549 1462 650 1495 nocentes

161 1529 230 1583 Impia
239 1527 340 1570 lustratos
349 1540 429 1582 ponere
439 1526 496 1569 faeta
506 1536 575 1582 putat.

132 1601 245 1645 Actoriden
254 1601 339 1650 Peleus,
349 1601 421 1657 ipsum
431 1614 517 1657 quoque
526 1600 587 1642 Pelea
596 1601 661 1642 Phoci

159 1677 220 1718 Cede
229 1690 267 1731 per
275 1676 395 1718 Hemonius
405 1674 468 1717 solvit
477 1677 566 1716 Acastus
576 1688 650 1729 aquas.

133 1750 223 1791 Vectem
233 1748 321 1791 frenatis
331 1748 441 1805 perinane
451 1747 581 1788 draconibus
591 1750 666 1804 AEgeus

161 1823 265 1866 Credulus
274 1823 383 1864 immerita
392 1822 483 1866 Phaside
489 1820 549 1878 juvit
558 1835 606 1878 ope.

132 1896 293 1952 Amphiarnides
303 1897 431 1951 Naupactoo
440 1894 547 1946 Acheloo,

161 1970 221 2013 Solve
230 1969 301 2019 nefas,
311 1969 374 2020 dixit5
384 1968 448 2011 solvit
457 1980 478 2012 ct
487 1968 522 2011 iiie
532 1968 599 2010 nefus.

132 2042 361 2092 imminuentes,
373 2042 410 2097 qui
421 2042 490 2085 tristia
500 2041 592 2084 crimine
601 2041 664 2084 credis

160 2119 175 2159 F
177 2115 275 2158 luminea
285 2114 331 2157 tolli
340 2129 402 2172 posse
411 2116 493 2172 putetis
502 2117 571 2171 aquo!

134 2192 174 2233 Sed
183 2199 268 2241 nmen,
278 2187 361 2244 antiqui
371 2203 398 2231 ne
407 2189 493 2233 nescius
502 2188 584 2232 ordinis
593 2202 662 2241 erres,
