1650 2584
67 230 95 261 v.
111 231 156 260 102.
317 198 425 260 'LIBER
444 219 484 260 Vl.
669 218 710 260 825

104 307 201 349 Numine
209 306 282 349 clausa
291 307 369 362 aperit.
379 307 461 349 claudit
469 316 543 362 aperta
551 321 599 350 suo.

73 382 138 424 Unde
148 381 208 423 datas
217 380 296 422 habeat
306 379 371 427 vires.
379 380 492 422 ohscurior
500 393 546 422 avo

104 456 183 503 Fama;
193 454 229 495 sed
238 467 250 496 e
260 462 333 494 nostro
343 453 440 495 carmine
450 462 520 495 certus
530 453 578 495 eris.

70 527 164 584 Adjacet
174 527 257 582 antiqui
266 526 367 568 Tiberino
376 526 439 568 lucus
448 525 531 568 Heierni
540 543 545 568 :

103 599 218 643 Pontifices
227 599 278 642 illuc
287 613 346 642 nuuc
354 613 443 660 quoque
451 613 512 642 sacra
521 598 602 641 ierunt.

70 675 129 717 lude
137 684 182 716 sata
192 682 224 716 est
236 676 254 715 N
256 673 337 730 ymphe
346 672 444 728 (Grauen
454 672 526 716 dixere
535 673 616 729 priores
623 672 643 729 ),

102 747 256 802 Nequidquam
267 746 342 788 multis
350 760 405 802 saepe
413 746 481 801 petita
490 747 566 802 procis.

71 825 133 866 ltura
143 822 214 876 sequi,
220 820 342 877 jaculisque
352 820 408 863 feras
418 821 498 876 agitare
508 821 601 873 michan

104 895 246 949 Nodosasque
254 908 306 936 cava
316 895 403 937 tendere
413 893 468 936 valle
478 894 556 950 plagas.

71 970 126 1011 Non
136 967 213 1009 habuit
222 966 358 1022 pharetram:
368 966 441 1008 Phoebi
451 976 524 1009 temen
533 979 577 1008 esse
586 978 682 1007 sororem

101 1041 233 1089 Credebant:
244 1054 283 1082 nec
293 1049 349 1090 erat,
360 1040 448 1089 Phoebe,
458 1040 558 1096 pudenda
568 1039 614 1082 tibi.

70 1113 129 1158 nuic
139 1112 215 1168 aliquis
221 1112 329 1169 juvenum
339 1113 427 1155 dixisset
435 1112 531 1156 amantia
541 1113 616 1163 verbu

103 1178 213 1228 Reddebat
222 1185 274 1228 tales
283 1185 382 1241 protinus
389 1184 427 1227 illa
437 1199 514 1228 tonos:

75 1277 88 1300 a
95 1261 144 1302 nec
153 1257 199 1299 ioca
209 1256 262 1299 lucis
271 1257 352 1300 habeut
362 1257 438 1310 nimis,
448 1266 529 1300 etcum
539 1256 586 1299 luce
595 1254 695 1310 pudoris

106 1330 126 1372 Si
137 1339 216 1372 secreta
225 1329 293 1384 magis
302 1330 363 1371 ducis
373 1330 396 1372 in
404 1339 479 1380 antra,
489 1344 573 1385 sequor.
583 1346 594 1367 a

72 1403 180 1450 Credulus
189 1413 251 1445 antra
259 1403 330 1446 subit:
341 1403 429 1445 frutices
438 1404 483 1445 brec
493 1413 556 1445 nacta
566 1401 657 1455 resisti13

106 1480 131 1520 Et
140 1477 204 1526 tacet,
213 1485 233 1518 et
243 1475 303 1518 nulio
312 1485 344 1518 est
352 1475 480 1517 invenienda
490 1476 562 1517 modo.

74 1553 165 1595 Viderat
174 1550 229 1592 hanc
238 1552 315 1598 Janus;
326 1548 417 1603 visaeque
427 1548 527 1604 cupidine
536 1557 612 1604 captus

104 1626 136 1668 td
145 1625 223 1666 duram
233 1622 302 1664 verbis
311 1621 414 1664 mollibus
423 1635 476 1663 usus
484 1631 536 1664 erat.

75 1698 179 1757 Nympha
184 1697 250 1753 jubet
258 1697 325 1752 quaeri
334 1697 361 1736 de
371 1709 432 1737 more
442 1695 546 1738 remotius
555 1705 644 1739 antrum

106 1774 175 1826 thue
184 1782 256 1811 comes
266 1768 375 1823 sequitur,
383 1767 524 1823 destituitque
532 1768 617 1810 ducem.

74 1846 157 1895 Stulta,
167 1843 224 1885 ridet
231 1845 299 1884 danus
308 1855 356 1896 quie
364 1851 414 1896 post
423 1855 463 1883 sue
472 1851 530 1897 terga
540 1852 652 1897 gerentur:

105 1916 141 1960 Nil
151 1915 195 1971 agis
204 1928 242 1964 en;
253 1914 345 1957 latebras
353 1913 440 1969 respicit
449 1912 485 1955 ilie
495 1924 549 1956 tuas.

75 1992 113 2037 Nil
122 1991 167 2047 agis
176 2003 215 2040 eu,
224 1989 267 2031 dixi
276 2005 281 2029 :
291 2002 343 2030 nam
354 1997 374 2030 te
383 1989 425 2030 sub
435 2001 488 2043 rupe
497 1987 600 2033 utentem

105 2067 203 2118 Occupat
211 2061 323 2118 amplexu3
332 2075 412 2117 speque
421 2061 502 2118 potitus
512 2061 554 2104 eit:

76 2160 89 2183 α
96 2144 107 2183 J
111 2153 136 2182 us
146 2151 185 2195 pro
195 2136 312 2180 concubitu
321 2147 395 2179 nostro
404 2136 444 2178 tibi
453 2136 546 2179 cardiuic
555 2146 612 2188 θεῖος

107 2216 151 2258 ltoc
161 2211 254 2267 pretium
263 2209 338 2267 potita
346 2210 474 2268 virginitatis
483 2210 547 2255 habe.
