1650 2584
67 190 151 233 stra.
308 189 513 230 LIBERVL‘
569 214 573 220 .
663 187 702 241 341

98 279 187 323 Clamor
195 278 293 320 Aventini
301 291 351 319 saxa
360 277 483 333 propinqua
492 275 548 320 ferit„

67 352 187 410 Adpulerat
196 352 246 407 ripae
256 364 330 394 roccas
338 353 422 394 OEtaeus
431 350 514 392 lberas:

99 425 177 475 Audit,
187 425 244 467 etad
254 437 328 467 vocem
338 424 437 466 concitus
447 432 508 479 urget
516 423 564 466 iter.

68 498 168 543 Herculis
178 499 282 547 adventu,
291 511 340 552 quaa
349 497 393 538 vim
404 497 471 539 modo
480 495 536 539 ferre
544 496 661 553 parabunt,

100 570 181 626 Turpia
190 569 288 612 femineae
298 579 356 624 terga
365 570 443 611 dedere
453 567 514 625 lup-2.

70 663 85 684 «ι
93 642 152 702 Quid
161 642 215 698 petis
224 642 275 685 binc
285 642 403 698 (cognorat
412 641 471 682 eninr
477 640 496 696 ),
507 650 622 684 matertera
631 637 720 682 Bacchi?

101 721 134 761 dn
143 731 237 767 numen,
246 718 305 772 quod
315 730 362 765 me,
372 727 392 758 te
400 729 489 771 quoque
497 725 570 767 vexat,
580 715 639 758 aitis

69 790 111 835 llla
120 791 182 833 docet
192 790 283 847 partim
293 789 373 845 partim
382 787 495 844 presentia
506 786 552 830 neti

102 865 213 906 Continet:
223 870 244 906 et
254 863 317 906 furiis
325 863 348 904 in
357 862 427 905 scelus
436 862 477 904 isse
485 862 559 918 pudet.

71 941 162 985 Rumor,
172 948 197 979 ut
206 947 238 980 est
247 937 319 986 velox,
328 936 413 991 agitatis
422 934 519 991 pervolat
526 933 579 977 alis:

103 1013 180 1066 Estque
188 1011 300 1067 frequens.
312 1014 360 1055 luo.
371 1024 452 1053 nomen
462 1011 484 1052 in
493 1024 530 1052 ore
540 1019 612 1053 tuum.

72 1086 160 1140 Hospita
169 1085 290 1129 Carmentis
300 1085 355 1129 fidos
364 1086 455 1128 intrasse
465 1094 554 1140 penates

103 1160 191 1206 Diceris.
201 1170 222 1203 et
231 1160 318 1216 longam
328 1160 452 1216 deposuisse
462 1158 551 1202 famem.

72 1234 124 1277 Liba
134 1247 174 1276 sua
183 1245 296 1290 properata
306 1248 374 1276 manu
383 1236 470 1289 Tegeaea
479 1234 577 1276 sacerdos

102 1307 204 1349 Traditur
212 1307 236 1349 in
244 1307 316 1349 subito
326 1318 386 1350 cocta
396 1308 478 1349 dedisse
488 1307 544 1349 foco.

73 1382 139 1422 Nune
147 1393 234 1434 quoquc
243 1378 287 1422 libs
292 1381 373 1435 juvant
380 1380 441 1422 lestis
449 1379 576 1423 Matralibus
585 1379 645 1422 illam
653 1394 658 1420 ε

104 1452 189 1494 Rustica
198 1451 300 1493 sedulitas
309 1451 390 1507 gratior
398 1461 445 1493 arte
454 1450 502 1494 tuit.

74 1526 151 1574 Nunc.
161 1524 202 1574 alt,
211 1536 224 1565 o
234 1526 302 1565 rates!
313 1524 420 1566 venientia
429 1523 474 1566 lata
483 1524 577 1580 resigna,

105 1599 154 1654 Qun
162 1597 212 1639 licet
220 1615 224 1639 :
233 1596 332 1652 hospitiis
340 1596 392 1647 boc,
401 1611 484 1654 precor,
493 1599 547 1641 adde
556 1598 617 1641 meis.

74 1678 141 1718 Parra
150 1685 212 1714 rnora
221 1680 265 1714 est:
275 1671 354 1714 coeluni
363 1680 422 1713 vates
430 1685 456 1713 ac
465 1672 557 1714 numina
565 1671 642 1725 sensit,

104 1748 180 1803 risque
188 1745 222 1789 sui
232 1755 278 1788 toto
287 1755 373 1801 pectore
382 1744 446 1801 plena
455 1745 496 1786 dei.

74 1823 117 1867 Vix
125 1820 185 1864 illam
195 1820 268 1862 subito
277 1833 349 1876 posses
358 1832 496 1875 cognoscem
507 1827 567 1862 tanto

103 1894 208 1942 Sanctior.
218 1902 240 1935 et
249 1901 321 1943 moto,
330 1904 397 1948 quam
408 1892 486 1940 modo.
496 1891 627 1947 majorem

74 1988 86 2010 κ
93 1971 148 2012 ωε
158 1980 235 2010 canam
244 1981 249 2006 :
259 1967 340 2022 gaude,
349 1964 453 2008 defuncta
463 1965 585 2017 laboribus,
593 1968 644 2018 lno,

104 2039 171 2090 Dixin
180 2048 201 2081 et
209 2038 261 2081 huic
269 2039 351 2095 populo
359 2040 446 2081 dextera
456 2051 541 2095 semper
549 2039 605 2081 odes.

74 2116 164 2159 Numen
173 2112 214 2154 eris
222 2111 291 2168 pelagi
299 2126 304 2152 τ
313 2122 391 2155 natum
400 2125 488 2168 quoque
496 2122 577 2168 pontus
585 2111 681 2155 babebit

107 2187 131 2228 lu
141 2184 214 2228 ratris
222 2184 282 2228 aliud
290 2185 371 2229 sumite
380 2198 463 2228 nomen
471 2184 540 2240 aquis
