1650 2584
119 185 147 238 24
286 186 389 229 auris
407 187 594 230 uuaroiru
682 194 781 246 etet.

118 272 166 322 Sic.
176 287 204 315 ne
213 273 341 329 perdiderit,
349 289 396 319 non
406 285 475 318 cessat
484 277 572 332 perdere
581 275 653 320 lusor:

148 349 173 390 Et
183 359 268 393 revocat
278 350 367 405 cupidas
377 350 424 393 alea
434 351 515 393 hianda
524 365 612 395 manus.

119 421 163 462 Hoc
173 434 239 477 opus,
248 421 284 464 hie
294 423 356 465 labor
365 433 410 465 est:
421 423 494 478 primo
502 424 549 466 siue
558 437 652 468 munere
657 425 732 483 jungi.

148 495 180 536 Ne
189 476 271 537 dederit
280 495 358 551 gratis3
369 509 418 551 quae
427 496 498 547 dedit,
508 510 577 552 usque
586 497 656 540 dabit.

120 569 175 624 Ergo
184 578 230 619 eat,
239 579 261 611 et
270 567 356 611 blandis
365 577 478 624 peraretur
487 569 549 613 litere
559 570 640 612 verbis:

148 640 291 696 Exploretque
300 641 397 693 animos,
406 641 522 696 primaque
531 650 599 685 teutct
607 641 656 686 lter.

120 714 190 757 Litera
198 714 321 771 Cydippen,
330 728 398 771 pomo
407 714 503 770 perlata,
512 713 600 759 fefellit:

150 787 262 845 Insciaque
270 798 303 831 est
312 788 382 831 verbis
391 799 454 845 capta
463 788 536 845 puella
544 789 596 832 suis.

121 863 181 905 Disce
191 863 335 915 hommes,
345 877 436 914 moneo,
446 866 544 906 Romana
549 862 665 920 juventus;

153 936 203 976 Nou
213 943 312 987 tantum,
323 936 417 992 trepidos
426 946 452 978 ut
462 945 536 979 tueare
545 950 599 981 reos.

123 1009 195 1067 Quam
203 1008 309 1066 populus,
316 1009 428 1066 judexque
438 1010 518 1066 gravis,
528 1010 640 1068 lectusque
649 1025 750 1069 senatus,

152 1085 206 1126 Tam
216 1083 277 1127 dabit
286 1083 372 1140 eloquio
380 1084 438 1127 victa
447 1084 519 1141 puella
530 1099 616 1129 manus.

123 1159 164 1201 Sed
173 1158 254 1201 lateant
263 1158 329 1210 vires5
339 1173 379 1202 nee
388 1159 417 1201 sis
427 1159 450 1202 in
461 1159 532 1204 fronte
541 1161 641 1206 disertus.

153 1230 263 1288 Effugiant
273 1247 326 1277 eerae
334 1235 400 1277 verba
409 1235 500 1278 molesta
509 1245 558 1279 tim

124 1305 189 1364 Quis,
199 1306 241 1349 nisi
251 1306 330 1351 mentis
339 1307 413 1363 inope,
424 1318 502 1350 tenerae
511 1308 618 1353 declamet
627 1311 718 1357 amice!

155 1380 213 1435 Saepc
222 1379 295 1423 veiens
303 1380 348 1422 odii
357 1380 420 1423 litera
429 1395 494 1424 causa
503 1381 552 1425 fuit.

52 1512 61 1521 ἱ
124 1452 156 1496 Sit
166 1453 205 1496 tibi
214 1453 322 1497 credibilis
331 1468 414 1507 sermo,
424 1467 570 1513 consuetaque
579 1460 656 1504 verba:

154 1527 234 1571 Blanda
244 1538 328 1580 tamen,
338 1543 430 1586 presens
439 1540 465 1573 ut
473 1531 557 1574 videare
567 1531 633 1589 loqui.

125 1602 146 1645 Si
158 1616 203 1645 uon
213 1603 304 1660 accipiet
313 1603 431 1660 seriptum,
441 1603 581 1661 ilicetumque
591 1608 700 1663 remittct3

133 1681 137 1693 ’
155 1678 268 1719 Lecturam
278 1690 348 1732 spem
360 1677 540 1732 propositumque
550 1689 604 1721 tene.

126 1750 232 1805 Tempore
241 1747 341 1792 difficiles
350 1750 441 1794 veniunt
449 1751 477 1792 ad
486 1761 557 1794 aratra
563 1751 666 1808 juvenci:

154 1824 261 1880 Tempore
270 1822 328 1869 ieuta
336 1824 382 1880 pati
392 1823 452 1866 frena
461 1824 568 1868 docentur
577 1826 638 1881 equi:

128 1898 217 1940 Ferreus
226 1891 461 1940 assiduo‘consumitur
470 1898 565 1941 annulus
575 1913 631 1943 usu:

156 1971 232 2015 Interit
241 1972 326 2015 assidua
336 1986 411 2015 vomer
420 1974 519 2016 aduncus
528 1975 605 2017 humo.

128 2044 185 2104 Quid
195 2043 263 2100 magis
271 2054 303 2087 eat
311 2058 363 2088 saxo
372 2046 467 2088 durum!
476 2046 529 2102 quid
538 2047 627 2091 mollius
636 2050 709 2095 undat

157 2118 214 2159 Dura
224 2126 297 2160 tamen
307 2117 368 2160 molli
377 2132 428 2161 saxa
437 2129 542 2162 cavantur
551 2133 613 2176 equa.

127 2189 249 2247 Penelopen
258 2190 340 2248 ipram,
349 2200 422 2249 persta
430 2194 512 2246 modo,
522 2203 620 2251 tempore
629 2195 709 2242 vincet.
