1650 2584
64 182 149 236 eres
309 180 408 223 sires
426 167 469 221 rvi

63 271 118 313 Inde
128 268 229 326 puellaris
238 279 302 312 necta
311 280 343 313 est
353 268 440 325 vestigia
450 269 541 325 plantae,

95 344 120 385 Et
131 356 225 398 pressam
236 352 289 385 noto
300 343 394 398 pondere
404 342 459 384 vidit
468 342 572 384 humum.

65 416 165 460 Forsitan
173 417 210 458 ilia
219 417 264 459 dies
274 417 342 459 errori
351 431 439 459 summa
449 415 537 466 fuisset,

96 490 117 532 Si
126 503 170 532 non
181 490 304 533 turbassent
312 490 372 546 signa
383 501 467 545 reperta
476 503 532 531 sues.

65 567 160 619 Jamque
170 563 284 605 Leontinos
293 570 448 618 Amenanaque
458 562 550 604 flumina
562 573 628 603 cursu

96 637 202 686 Praeterit,
212 647 234 680 et
243 637 310 693 ripas,
320 636 416 678 herbifer
425 636 473 684 nei,
483 647 545 678 tuas:

65 711 162 754 Praeterit
170 721 192 753 et
201 712 299 767 Cyanen,
309 719 331 751 et
341 708 425 752 iontem
435 709 489 751 ienis
499 708 579 764 Anapi,

97 787 123 828 Et
134 796 164 836 te,
176 785 294 827 vorticibus
304 798 347 826 nou
358 785 458 826 adeunde
467 783 524 827 Gela.

65 860 169 916 Liquerat
178 862 290 917 Ortygien,
301 863 452 916 Megareaque,
462 858 632 914 Pantagienque,

97 937 188 993 Quaque
197 936 329 993 Syrnoetheas
339 936 418 992 accipit
426 948 501 991 equor
509 947 588 989 aquas,

66 1010 179 1062 Antraque
187 1008 318 1065 Cyclopum,
329 1008 403 1063 positis
413 1017 489 1050 exusta
498 1005 602 1056 caminis,

98 1080 183 1137 Quique
193 1080 253 1123 iocus
263 1095 333 1123 curvre
343 1082 434 1123 nomina
445 1080 505 1122 falcis
515 1080 592 1129 haben

67 1156 206 1211 Himeraque,
214 1166 235 1199 et
244 1157 354 1214 Didymen,
360 1162 529 1214 Acragantaque,
534 1157 743 1208 Tauromenonque,

99 1232 258 1288 Sacrorumque
269 1232 339 1274 Melan
348 1246 428 1288 pssoua
438 1231 485 1275 laeta
494 1233 571 1273 bourn.

68 1301 125 1346 ilinc
133 1304 262 1346 Camerinan
272 1305 329 1355 adit,
337 1307 481 1363 Thapsonque
491 1315 513 1348 et
523 1305 605 1348 fleioris
615 1305 711 1359 Tempe,

101 1377 192 1431 Quaque
202 1387 261 1433 patet
270 1380 368 1435 Zephyro
378 1394 464 1435 semper
473 1389 561 1434 apertus
570 1381 631 1435 Eryx.

69 1451 164 1504 Jamque
175 1450 308 1501 Peiorinden,
318 1452 459 1508 Liiybeaque,
464 1451 557 1507 jamque
565 1451 681 1508 Pachynon

100 1524 224 1573 Lustratur,
233 1532 294 1565 terrae
303 1536 386 1566 cornua
397 1525 453 1566 trina
462 1537 513 1566 sure.

70 1598 208 1655 Quicunque
218 1595 349 1651 ingreditur,
361 1596 445 1639 miseris
452 1595 499 1638 ioca
508 1605 586 1638 cuncta
595 1596 688 1651 querelis

101 1670 192 1727 impiet,
201 1680 228 1714 ut
237 1670 343 1712 amissum
353 1684 423 1726 quum
433 1670 501 1725 gemit
509 1670 553 1711 aies
561 1673 615 1727 ltyn.

69 1748 153 1800 Perque
162 1744 218 1787 vices
228 1744 306 1796 modo,
315 1743 459 1799 Persephone,
470 1742 548 1792 modo,
558 1742 621 1794 Filia,
631 1741 721 1784 elamat:

100 1818 197 1869 Clamat,
206 1827 228 1861 et
236 1817 325 1862 alternis
335 1832 416 1860 nomeu
426 1827 547 1872 utrumque
556 1816 604 1859 ciet.

70 1894 113 1938 Sed
122 1907 192 1949 neque
202 1895 336 1950 Persephone
345 1895 457 1943 Cererem,
467 1906 537 1948 neque
547 1891 591 1934 fllia
601 1902 693 1935 matrem

99 1969 177 2019 Audit,
187 1979 209 2012 et
217 1968 306 2012 alternis
316 1982 396 2011 nornen
407 1979 526 2025 utrumque
536 1967 598 2025 perit.

70 2047 173 2100 Unaque,
182 2054 293 2101 pastorem
301 2044 400 2095 vidisset,
409 2059 439 2086 an
448 2058 499 2087 arva
509 2042 628 2092 colentem,

101 2118 150 2159 Vox
158 2126 215 2168 eret,
225 2119 268 2160 flac
278 2131 363 2174 gressus
371 2117 389 2160 si
399 2132 443 2174 qus
452 2116 525 2174 puelia
535 2115 597 2160 tulit?

70 2193 120 2235 lam
131 2189 191 2234 color
199 2205 257 2235 nnus
266 2191 322 2235 inest
332 2192 407 2246 rebus,
418 2191 555 2247 tenebrisque
565 2198 669 2245 teguntur
