1650 2584
122 185 148 227 ²6
290 185 391 227 ARTIS
409 185 595 226 AMATORIAE
682 183 769 223 utos.

122 274 163 315 Sed
175 273 213 316 tibi
223 287 262 316 nec
272 272 330 315 ferro
340 273 423 329 placeat
433 283 532 327 torquere
542 271 643 327 capillos:

152 348 196 389 Nec
206 356 243 390 tua
253 348 350 389 mordaci
359 347 446 403 pumice
456 359 519 388 crura
530 356 592 388 teras.

122 423 166 465 {sta
172 420 227 478 jube
238 421 328 471 faciant,
340 435 436 476 quorum
445 419 544 477 Cybeleia
554 429 624 461 mater

152 496 278 538 Concinitur
288 496 382 552 Phrygiis
391 495 501 537 exululata
511 493 588 536 modis.

123 569 202 610 Forma
212 569 268 611 viros
277 568 372 624 neglecta
382 569 449 609 decet.
461 566 556 609 lllincida
564 567 659 608 Theseus

152 642 258 693 Abstulit,
268 656 280 684 a
289 641 350 683 nulla
360 651 459 696 tempora
468 651 554 683 conitus
563 654 611 681 acu.

124 714 264 771 Hippolytum
275 714 372 764 Phaedra,
382 728 422 755 nec
431 723 478 755 erat
486 715 541 754 hene
550 712 633 761 cultus,
642 711 734 753 amavit,

152 790 209 831 Cura
218 790 276 838 Dea,
285 788 343 829 silvis
352 797 426 842 aptus,
435 786 515 828 Adonis
524 795 576 828 erat.

124 859 236 903 lllunditiae
245 860 343 915 placeant
352 877 357 901 :
368 859 481 901 fuscentur
490 872 580 914 corpora
589 860 683 914 Campo:

156 935 187 979 Sit
196 935 251 976 bene
260 935 400 984 conveniens,
410 945 431 976 et
441 935 487 976 sine
496 934 544 976 labe
554 944 610 990 toga.

125 1009 250 1065 linguaque
259 1023 286 1050 ne
297 1009 375 1064 rigeat:
386 1018 473 1050 careant
482 1008 581 1063 rubigine
590 1009 665 1050 dentes
674 1024 679 1049 :

140 1091 143 1099 ’
153 1085 198 1125 Nec
209 1096 275 1139 vagus
284 1083 305 1124 in
317 1081 364 1124 laxa
374 1096 411 1138 pes
421 1082 460 1124 tibi
471 1081 524 1138 pelle
533 1091 600 1124 natet.

124 1158 170 1200 Nec
180 1156 236 1199 male
245 1157 353 1200 deformet
362 1156 441 1212 rigidos
452 1166 541 1199 tonsura
549 1154 650 1211 capillos:

153 1231 184 1274 Sit
194 1245 268 1280 coma,
278 1230 305 1273 sit
315 1232 378 1272 docta
388 1231 456 1272 barba
467 1239 546 1272 resecta
556 1243 632 1271 manu.

125 1307 151 1348 Et
161 1304 215 1346 nihil
225 1305 346 1355 emineant,
356 1314 378 1346 et
386 1304 430 1346 sint
438 1304 484 1345 sine
493 1303 593 1345 sordibus
603 1314 701 1357 ungues:

155 1381 222 1434 Inque
232 1392 283 1421 cava
294 1377 368 1421 nullus
377 1386 419 1420 stet
429 1377 468 1419 tibi
477 1391 529 1418 nare
538 1376 603 1432 pilus.

125 1455 170 1496 Nec
180 1453 237 1496 male
246 1453 330 1496 odorati
339 1454 370 1496 sit
377 1453 443 1496 tristis
451 1452 559 1494 anhelitus
568 1451 622 1493 oris:

154 1529 198 1570 Nec
207 1527 286 1573 ludunt
295 1541 356 1569 nares
366 1527 441 1582 virque
449 1537 552 1582 paterque
561 1525 637 1581 gregis.

124 1606 198 1648 Cetera
207 1603 288 1644 lascive
299 1601 390 1651 faciant,
400 1602 505 1650 concede,
515 1599 601 1656 puellae:

154 1679 179 1721 Et
188 1676 205 1719 si
215 1676 263 1731 quis
273 1675 329 1717 male
339 1676 371 1716 vir
379 1676 457 1730 quaerit
465 1674 545 1715 habere
555 1672 634 1714 virum.

124 1753 177 1794 Ecce
186 1763 252 1792 suum
262 1760 332 1792 vatem
342 1749 405 1793 Liber,
413 1757 482 1789 vocat.
493 1747 530 1789 llic
539 1759 627 1802 quoque
637 1757 738 1789 amantes

153 1823 256 1880 Adjuvat3
268 1833 290 1865 et
300 1823 406 1872 llammae,
416 1837 460 1877 qna
470 1820 524 1862 calet
533 1821 588 1876 ipse,
600 1819 665 1862 lavet.

125 1896 201 1940 Gnosis
209 1895 232 1937 in
242 1894 319 1950 ignotis
329 1908 404 1936 amens
413 1895 500 1935 errabat
509 1893 591 1941 arenis,
645 1920 649 1927 ·

155 1973 202 2027 Qua
211 1969 281 2011 brevis
290 1968 394 2025 aequoreis
403 1969 441 2010 Dia
452 1968 528 2010 feritur
537 1967 606 2023 aquis.

126 2047 195 2100 thue
204 2052 251 2085 erat
259 2056 273 2084 a
282 2055 360 2085 somno
370 2041 443 2084 tunica
455 2041 523 2083 velata
534 2040 639 2091 recincta,

155 2117 220 2159 Nuda
229 2117 317 2172 pedem,
327 2129 412 2158 croceas
421 2115 528 2171 irreligata
538 2128 623 2163 conras3

129 2191 210 2234 Theseu
219 2189 328 2234 crudclern
337 2190 413 2234 surdas
422 2188 531 2231 clamabat
541 2189 568 2230 ad
578 2188 660 2240 undas,
