1650 2584
103 196 129 229 tt
267 184 368 230 tuuts
386 186 574 230 ΑΜΔΤΟΜΙ
658 199 679 228 r.
695 200 748 243 ¹²7·

101 276 122 319 Si
132 290 176 332 qua
185 285 315 334 repugnarat
323 256 433 333 nimium,
441 276 588 332 comitemque
596 284 703 333 negaratp
720 284 722 287 ’

130 351 243 394 Sublatam
252 351 332 408 cupido
341 352 374 393 vir
384 351 434 394 tulit
444 352 489 406 ipse
498 351 554 394 sinu.

101 428 171 482 Atque
180 427 220 469 ita:
231 427 287 487 Quid
298 438 382 470 teneros
391 427 493 483 lacrymis
502 426 626 482 corrumpis
635 424 730 470 ocellos?

131 501 195 559 Quod
204 501 268 543 matri
280 511 340 556 pater
348 511 391 549 est.
401 501 442 542 hoc
454 501 504 549 tibi,
514 500 578 549 dixit,
588 513 632 542 ero.

102 574 204 625 Romule,
215 574 321 618 militibus
330 575 387 618 scisti
397 576 449 617 darc
458 575 575 617 commoda
584 573 650 618 solus.

131 649 178 690 flac
188 646 242 689 mihi
251 648 269 689 si
278 648 362 691 dederis
371 648 500 699 commoda,
510 648 572 690 miles
581 661 625 690 ero.

102 720 186 763 Scilicet
195 735 220 763 ex
229 720 267 763 illo
275 721 380 769 sollenm'a
391 735 452 762 more
463 721 547 763 theatra

132 796 196 837 Nunc
205 809 292 851 quoque
302 794 403 841 formosis
413 795 515 838 insidiosa
525 805 620 839 monent

103 868 147 911 llec
158 878 179 910 te
188 868 296 911 nobilium
306 869 377 925 fugiat
386 878 497 912 certamen
506 880 629 925 equorum

133 942 201 986 Multa
210 957 278 998 capax
287 943 362 1000 populi
373 944 490 986 commoda
500 943 574 985 Circus
584 943 657 986 habet.

104 1016 141 1060 Nil
150 1032 205 1073 opus
215 1028 246 1061 est
255 1018 338 1074 digitis,
348 1032 386 1074 per
395 1033 450 1073 quos
460 1031 537 1060 arcana
547 1017 656 1073 loquaris:

133 1093 178 1133 Nec
188 1091 226 1134 ribi
236 1102 351 1148 pernotus
360 1092 485 1148 accipienda
495 1101 546 1134 nota
555 1102 594 1133 est

103 1166 217 1207 Proximus
225 1180 238 1207 a
248 1166 348 1216 domina,
358 1165 420 1208 nullo
430 1166 571 1222 prohibente,
582 1166 670 1209 sedero:

133 1240 202 1294 iunge
212 1249 276 1281 tuum
287 1239 358 1289 lateri,
368 1253 436 1296 quam
446 1251 518 1296 potos,
527 1254 596 1295 usque
606 1239 677 1283 latus:

104 1316 131 1358 Et
139 1315 204 1364 bene,
214 1315 273 1370 quod
282 1315 349 1371 cogit.
360 1315 377 1356 si
387 1314 453 1363 nolit,
463 1314 520 1357 linea
526 1314 603 1371 jungi,

135 1389 198 1447 Quod
208 1388 246 1430 tibi
256 1389 363 1444 tangenda
373 1399 404 1431 est
414 1387 459 1444 lege
468 1388 539 1444 puella
550 1387 599 1431 looi.

106 1461 144 1504 llio
154 1462 193 1504 tibi
202 1472 313 1518 quaeratur
322 1462 374 1504 socii
384 1463 490 1505 sermonis
500 1463 574 1518 origo:

134 1538 161 1579 Et
170 1548 271 1579 moveant
280 1536 362 1593 primos
372 1536 459 1593 publica
469 1537 534 1579 verba
543 1549 614 1578 sonos.

106 1610 174 1667 Cujus
183 1611 233 1666 equi
243 1602 345 1661 veniant:
351 1610 429 1661 facito,
439 1611 545 1659 studiose,
556 1610 658 1666 requiras.

137 1687 181 1727 Nec
191 1699 264 1736 more3
273 1685 371 1742 quisquis
381 1685 432 1731 erit.
442 1684 477 1727 eui
488 1683 545 1726 lavet
555 1682 601 1731 illa,
613 1682 667 1726 lave.

108 1760 134 1801 At
143 1773 213 1814 quum
223 1772 304 1815 pompa
314 1758 414 1814 frequens
425 1757 545 1800 coelestibus
555 1757 595 1799 ibit
604 1758 705 1810 eborum

136 1833 170 1874 'lu
181 1832 257 1874 Veneri
267 1832 361 1874 domine
370 1828 449 1888 plaude
459 1830 543 1873 favente
554 1844 630 1872 manu.

109 1908 179 1963 thue
188 1907 224 1958 lit,
234 1907 256 1949 in
266 1907 373 1963 gremium
384 1907 454 1963 pulvis
464 1906 482 1948 si
492 1905 548 1948 forte
558 1905 635 1963 puellae

137 1981 252 2029 Deciderit.
263 1981 334 2037 digitis
343 1981 483 2024 excutiendus
493 1979 539 2021 erit.

109 2057 145 2105 tt,
155 2055 173 2097 si
183 2055 256 2097 nullus
265 2056 306 2098 erit
314 2055 395 2112 pulvis,
406 2066 479 2098 tameo
489 2064 564 2097 excute
574 2052 667 2096 nullum

138 2129 243 2188 Quaelibet
252 2126 325 2171 officio
335 2142 398 2171 cauae
408 2129 436 2171 sit
444 2139 494 2184 apta
504 2138 549 2171 tuo.

109 2201 201 2251 Palliusi
211 2211 271 2246 terrae
281 2202 376 2246 nimium
386 2201 479 2244 demissa
485 2200 604 2257 jacebuat;
