1650 2584
105 194 188 233 v.512.
360 192 459 234 LIBER
477 193 493 233 Ι.
705 193 745 235 ι63

134 279 161 320 Et
170 280 276 329 Nemora,
285 287 308 321 et
316 278 387 330 Silue,
397 279 549 336 Naiadumque
558 280 631 323 chori:

48 405 54 418 .
103 351 152 393 Este
163 351 225 393 bonis
234 352 310 395 avibus
319 351 357 394 visi
367 361 461 408 natoque
471 353 578 410 mihique;

135 424 231 480 Ripaque
240 424 297 467 felici
307 434 363 467 tacta
371 424 399 467 sit
408 425 449 468 isui
458 427 517 481 pede.

102 571 203 613 Fumi?
212 585 240 613 en
250 571 273 613 hi
283 571 335 614 fient
344 572 439 628 ingentia
448 572 528 616 moenia
537 573 614 616 collese

130 644 226 698 iuraque
236 644 263 685 ab
273 643 313 686 hac
324 655 380 686 terra
389 655 460 687 cetera
470 655 526 688 terra
534 651 604 702 petet}

101 717 213 759 Montibus
222 718 255 760 his
265 717 318 760 oiim
329 728 387 770 tutus
395 719 532 774 promittitur
541 721 606 763 orbis.

131 790 183 848 Quis
194 800 280 834 tantum
290 791 331 834 fati
342 792 416 834 credat
424 792 504 834 habere
514 792 600 836 locum?

99 865 125 906 Et
131 863 180 919 jam
190 865 301 907 Dardania
311 875 399 920 tangent
408 865 453 907 haec
464 863 526 907 litora
535 866 606 921 pinus.

129 937 167 980 nie
177 952 264 994 quoque
273 953 338 982 causa
348 940 398 981 novi
409 939 491 982 femina
500 940 572 982 Martis
582 941 628 983 erit.

96 1011 151 1054 Care
161 1025 239 1067 nepos,
249 1012 317 1062 Palla,
328 1013 413 1055 funesta
423 1013 475 1068 quid
485 1013 556 1055 induis
565 1019 639 1056 arma!

128 1083 197 1125 lndue
206 1099 210 1123 :
220 1097 265 1126 non
274 1084 354 1126 humili
363 1084 447 1127 vindice
457 1099 522 1126 caesus
531 1085 579 1126 eris.

94 1155 160 1199 vicu
170 1164 244 1198 tamen
253 1156 335 1208 vinces,
343 1171 459 1212 eversaque
467 1157 532 1214 Troja
540 1171 637 1215 resurges
645 1174 649 1199 :

128 1230 211 1273 Obruet
221 1229 306 1273 hostiles
315 1232 355 1273 ism
366 1232 429 1273 ruina
439 1233 522 1274 domos.

97 1301 160 1344 Utile
169 1301 266 1344 victrices
276 1303 384 1360 Neptunia
394 1307 496 1360 Pergama
507 1305 610 1349 ssammae:

129 1377 190 1418 Num
202 1376 273 1418 minus
282 1377 317 1419 hic
328 1387 373 1420 toto
382 1389 415 1421 est
424 1377 488 1422 altior
496 1380 548 1421 orbe
558 1381 623 1422 cinis?

99 1451 151 1492 Jem
162 1450 211 1505 pius
220 1454 293 1493 AEneas
302 1465 372 1502 sacra,
382 1462 414 1502 et,
424 1466 484 1495 saera
493 1453 570 1504 altera,
580 1464 675 1511 petrem,

128 1522 216 1565 Adferet
224 1538 229 1563 ε
238 1522 313 1565 Iliacos
322 1525 405 1580 excipe,
416 1527 491 1576 Vesta,
501 1528 560 1568 Deos.

96 1598 194 1652 Tempus
203 1596 254 1646 erit,
263 1611 333 1652 quum
344 1612 381 1640 vos
390 1599 509 1654 orbemque
519 1599 615 1643 tuebitur
624 1601 693 1650 idem.

127 1671 154 1712 Et
164 1668 216 1711 fient
226 1668 272 1725 ipso
282 1683 342 1711 sacra
351 1670 434 1712 colente
443 1673 497 1722 De03

97 1745 124 1786 Et
133 1756 198 1798 penes
207 1745 313 1798 Augustos
322 1743 396 1797 patriae
406 1744 473 1785 tutela
483 1744 590 1787 manebit:

128 1818 187 1858 Hanc
198 1814 230 1857 fas
239 1816 324 1872 imperii
334 1814 395 1858 frena
405 1826 477 1858 tenere
486 1817 585 1859 domum.
718 1823 730 1842 ¹

99 1891 153 1934 lude
163 1904 229 1946 nepos
238 1901 344 1945 uetusque
354 1891 401 1942 Dei,
411 1890 461 1934 licet
469 1891 513 1947 ipse
523 1902 617 1946 recuset,

128 1963 224 2006 Pondera
234 1962 312 2006 coelesti
323 1974 395 2007 mente
404 1974 495 2019 paterna
505 1964 564 2008 feret.

99 2039 169 2092 thue
179 2050 218 2092 ego
227 2035 337 2092 perpetuis
346 2035 398 2077 olim
407 2038 509 2079 sacrabor
518 2038 540 2080 iu
550 2038 603 2089 arie,

126 2110 162 2154 Sic
171 2113 267 2167 Augusta
275 2121 358 2152 novum
366 2109 424 2154 iulia
433 2125 515 2154 numen
525 2112 572 2155 erit.
