1650 2584
127 184 154 234 14
292 183 595 225 Aarlstntrohln
682 197 702 224 v.
717 184 764 224 181.

119 269 182 313 Ultor
191 271 261 322 adest;
270 270 388 327 primisque
398 272 477 314 ducem
487 272 604 327 profitetur
612 272 634 314 in
645 272 711 314 armis
720 288 725 312 :

149 341 248 398 Bellaque
258 357 302 387 non
312 356 380 399 puero
392 353 468 387 tractat
478 345 560 400 agenda
569 359 630 400 puer.

119 415 202 458 Parcite
212 415 304 463 natales,
316 416 398 466 timidi,
408 430 525 458 numerare
535 418 643 459 Deorum:

149 490 268 532 caesaribus
279 490 345 532 virtus
354 489 444 545 contigit
454 500 503 532 aute
513 490 577 532 diem.

117 564 234 619 Ingenium
244 564 328 606 creleste
336 564 381 606 suis
390 564 484 607 velocius
494 565 556 607 anuis

148 639 230 693 Sergia
241 648 262 680 et
271 639 351 694 ignave
363 638 404 681 fert
415 639 471 680 male
479 640 560 680 damna
570 651 643 680 morte.

118 716 263 762 Pacensem,
275 712 420 767 manibusque
430 712 484 753 duos
494 711 619 769 Tirynthius
628 725 709 767 angues

147 785 236 827 Pressit:
247 794 268 827 et
277 784 300 825 in
310 785 371 827 cunis
377 783 426 840 jam
435 788 486 827 love
496 785 574 840 dignus
583 794 635 827 erat.

117 862 183 904 Nunc
190 860 322 914 quoqnequi
330 874 384 915 puer
391 873 423 911 es,
432 870 528 915 quantus
537 870 583 901 tum
590 893 595 911 ‚
603 860 695 911 Bacche,
704 857 775 907 luisti,

147 934 221 988 Quum
232 930 306 973 timuit
316 931 399 987 thyrsos
408 932 469 973 ludia
480 933 534 974 victa
546 934 604 974 tuos!

116 1004 221 1060 Auspiciis
231 1003 352 1058 animisque
361 1004 438 1060 patris,
448 1018 509 1060 puer,
520 1018 581 1046 arma
591 1004 702 1047 movebis:

145 1083 171 1123 Et
182 1080 252 1121 vinces
262 1078 340 1121 animis
350 1079 495 1135 auspiciisque
505 1081 577 1136 patris.

116 1156 166 1199 Tale
176 1155 326 1196 rudimentum
337 1163 398 1197 tauto
408 1156 449 1196 sub
458 1156 547 1196 nomine
557 1156 631 1206 debes;

145 1233 210 1272 Nunc
217 1228 326 1286 juvenum
337 1229 447 1285 princeps,
457 1229 534 1271 deinde
544 1229 617 1272 future
627 1243 711 1272 senum.

116 1305 191 1360 Quum
202 1302 240 1345 tihi
250 1303 294 1344 sint
303 1301 390 1354 fratrcs3
401 1301 478 1345 fratres
488 1302 589 1344 ulciscere
599 1302 672 1345 laesos:

79 1378 82 1383 “
145 1380 264 1435 Quumque
274 1388 335 1432 pater
345 1377 383 1418 tihi
393 1375 430 1425 sit;
438 1375 491 1431 jura
502 1387 560 1418 tuere
570 1376 643 1432 patris.

115 1450 190 1494 luduit
199 1464 261 1492 arma
273 1449 311 1492 tibi
321 1450 405 1505 genitor
414 1449 531 1505 patriaeque
544 1449 649 1506 tuumne:

143 1523 215 1566 Hostis
225 1525 252 1565 ab
262 1523 330 1565 invito
340 1537 405 1579 rcgua
414 1533 503 1579 parente
513 1524 576 1579 rapit.

112 1600 146 1642 Tu
156 1598 192 1654 pia
203 1597 243 1640 tela
253 1596 320 1648 feres,
330 1597 442 1641 sceleratas
452 1597 487 1639 ille
496 1597 596 1653 sagittas:

142 1673 237 1716 Stabunt
245 1686 285 1727 pro
295 1671 360 1733 signis
367 1671 448 1728 jusque
457 1672 563 1728 piumque
575 1672 623 1713 tuis.

113 1747 239 1790 Vincuntur
249 1758 313 1787 causa
322 1744 405 1796 Parthi;
416 1746 531 1787 vincantur
539 1754 561 1788 et
570 1746 642 1788 armis.

141 1822 196 1862 ans
205 1819 265 1862 Latio
276 1819 319 1860 dux
330 1833 392 1861 meus
401 1819 467 1861 addat
476 1834 533 1876 opes.

113 1896 213 1949 Marsque
222 1897 290 1948 pater,
299 1894 410 1948 Casarqne
420 1903 487 1949 pater,
498 1895 547 1936 date
557 1908 639 1936 numen
650 1896 718 1939 eunti.

142 1970 198 2010 Nam
208 1969 284 2008 Deuse
296 1966 355 2008 vobis
365 1965 420 2009 alter
429 1981 462 2015 es.
472 1966 526 2010 alter
534 1968 582 2009 eris.

111 2045 211 2099 Auguror
221 2041 259 2081 en!
271 2039 354 2081 vinces:
364 2040 478 2096 votivaque
488 2041 585 2083 carmina
595 2043 702 2087 reddam:

139 2118 166 2159 Et
175 2127 255 2170 magno
265 2112 328 2155 nobis
338 2127 374 2155 ore
385 2115 496 2156 sonandus
506 2114 553 2157 eris.

110 2188 227 2241 Comistes3
238 2187 350 2243 aciemque
360 2187 414 2230 meis
423 2188 539 2234 hortabere
547 2189 625 2233 verbis
