1650 2584
128 159 168 200 126
287 155 443 198 sturmi
460 155 597 199 AMORIS.
685 170 708 200 r.
722 160 776 202 611

124 246 146 288 Si
154 245 203 302 quis
212 258 283 297 arnas,
293 259 334 288 nec
342 244 385 295 vis;
395 243 462 288 facito
470 245 570 301 contagia
578 244 640 289 vites.

153 321 200 361 Huc
209 319 275 363 etiam
284 318 356 375 pecori
366 332 421 374 saepe
430 332 509 361 nocere
517 318 593 362 solent

124 396 181 436 Dum
190 403 288 449 spectant
297 391 354 435 oculi
363 391 436 443 lesos,
444 390 555 435 ledunmr
563 403 585 436 et
594 392 636 450 ipsi
645 411 650 434 :

153 467 264 523 Multaque
273 466 399 522 corporibus
409 466 537 509 transitione
546 477 634 510 nocent„

120 543 146 584 Ιιι
155 541 204 584 loca
211 554 371 596 nonnunquam
380 540 442 582 siccis
452 540 536 583 arentia
544 540 611 598 glebis

149 617 178 657 De
186 628 253 671 prope
262 614 357 658 currenti
366 614 458 658 flumine
467 624 544 658 manat
552 629 616 671 aqua.

120 691 195 733 Manat
204 704 267 732 amor
275 699 356 740 tectus,
366 690 384 731 si
392 702 437 732 nnn
448 690 475 732 ab
485 700 573 733 amunte
582 692 686 735 recedas:

150 765 266 819 Turbaque
275 764 297 806 in
309 764 350 806 hoc
359 777 436 806 omnes
445 763 556 819 ingeniose
564 778 650 809 sumus.

118 839 176 883 nter
184 840 237 882 item
243 839 291 896 jam
301 853 367 883 sunus
375 848 433 889 erat3
442 837 521 882 vicinia
530 837 590 883 lesit.

145 918 263 958 Occursum
274 915 367 958 domine
376 928 421 958 non
432 913 482 958 tulit
490 914 526 956 ille
535 928 586 958 suae.

117 989 202 1032 Vulnus
211 990 234 1031 in
243 990 359 1045 antiquum
369 988 432 1031 rediit
441 987 498 1030 male
508 987 573 1031 firma
581 971 685 1042 cicatrix,

146 1066 316 1120 Successumque
325 1074 381 1106 artes
390 1076 436 1105 nen
445 1062 541 1105 huhucre
549 1076 610 1106 men.

115 1138 228 1180 Proximus
237 1151 250 1179 a
259 1137 319 1179 tectis
328 1136 382 1193 ignis
391 1134 516 1179 defenditur
524 1149 593 1192 egre:

144 1209 199 1253 Utile
208 1208 307 1253 finitimis
315 1209 444 1252 abstinuisse
453 1207 512 1251 locis.

114 1283 170 1334 Nec,
179 1297 228 1340 qne
238 1283 292 1327 ferre
301 1282 356 1326 solet
365 1282 494 1339 spatiantem
504 1280 600 1337 porticus
609 1281 686 1337 illum,

142 1362 172 1403 Te
181 1359 248 1403 ierat:
258 1358 358 1402 officium
367 1371 421 1400 neve
430 1357 514 1400 celatur
523 1356 589 1400 idem.

111 1435 167 1495 Quid
174 1435 239 1491 juvat
247 1435 361 1478 admonitu
371 1433 467 1489 tepidam
477 1431 604 1476 recalescere
614 1442 729 1480 mentem?

138 1507 206 1556 Alter.
216 1508 233 1550 si
244 1507 322 1564 pessis,
332 1506 390 1549 erbis
399 1505 512 1548 habendus
520 1504 568 1548 crit.

107 1581 157 1621 Non
169 1579 231 1622 facite
240 1580 336 1622 esuriens
344 1577 414 1635 positu
424 1577 541 1620 retinebere
551 1591 639 1622 mensa:

139 1654 168 1694 Et
175 1652 267 1696 multam
276 1651 354 1695 saliens
363 1651 439 1694 incitut
449 1652 508 1694 unda
517 1651 585 1694 sitim.

109 1727 160 1769 Non
169 1725 231 1768 facile
240 1737 272 1769 est
282 1726 325 1768 visa
335 1736 425 1769 taurum
434 1724 525 1767 retinere
531 1724 641 1780 juvenca:

137 1801 206 1843 Fertis
215 1815 283 1857 equus
292 1801 341 1843 vise
350 1813 436 1856 semper
444 1798 544 1842 adhinnit
552 1812 620 1855 equis.

27 1907 31 1916 .
109 1874 157 1914 flaec
166 1873 204 1914 ubi
213 1873 346 1928 prestiteris,
356 1882 382 1916 ut
390 1873 480 1915 tandem
489 1870 554 1915 litera
563 1882 651 1929 tangus,

135 1948 186 1988 Non
195 1948 246 1990 satis
254 1957 286 1989 cst
294 1948 364 2003 ipsam
373 1946 491 1990 deseruisse
501 1945 547 1988 tihi.

106 2020 132 2061 Et
140 2032 212 2066 seror,
222 2029 243 2061 et
252 2031 321 2062 mater
331 2019 426 2072 valeant,
435 2028 457 2062 et
466 2018 551 2064 conscia
560 2020 646 2071 nutrix,

68 2096 73 2104 '
133 2091 159 2131 Et
167 2090 272 2145 quidquid
281 2092 376 2134 dominc
384 2106 435 2148 pars
443 2092 484 2135 erit
494 2090 538 2135 ulie
548 2102 597 2135 tuae.

106 2164 151 2204 Nec
159 2164 231 2205 veniat
242 2178 328 2207 servus:
338 2179 377 2208 nec
387 2166 441 2209 flens
450 2166 553 2210 ancillula
563 2166 641 2209 fictum
