1650 2584
58 188 81 216 v.
94 175 145 216 3⁵8.
302 173 405 216 LIBER
423 173 466 213 lV.
664 175 705 216 263

93 264 150 306 Urbe
160 262 232 306 forent
242 271 329 305 nostra:
339 275 410 317 quum
419 263 463 304 Dea
473 261 552 318 (sensit
561 262 621 304 enim
628 261 648 319 ),

64 337 105 380 llle
114 339 179 386 Deos,
189 337 272 392 inquit,
280 337 370 394 peperit.
380 338 466 380 Cessere
476 337 571 392 parenti;

93 409 269 466 Principiumque
279 410 324 453 dati
334 413 403 453 Mater
412 411 503 453 honoris
512 410 585 453 habet.

63 487 109 529 Cur
118 484 186 540 igitur
194 484 275 531 Gallos,
286 484 323 541 qui
333 497 355 525 se
365 484 475 533 excidere,
486 498 600 535 vocamus,

94 560 169 613 Quum
180 567 239 600 tanto
248 558 339 615 Plnygiu
348 557 429 601 Gallica
438 557 503 600 distet
512 557 607 599 burnus?

63 635 136 683 lnter,
147 631 188 681 ait,
199 630 288 674 viridem
297 631 391 689 Cybelen
400 630 497 686 altasque
506 627 620 683 Celaenas,

96 706 171 748 Amnis
181 706 198 748 it
206 705 293 757 insana,
303 704 393 747 nomine
402 703 487 756 Gallus,
497 719 560 760 aqna

67 780 111 838 Qui
122 780 176 822 bibit
186 780 247 831 inde,
257 778 319 822 furit.
328 778 406 821 Procul
414 778 465 820 lrinc
475 778 589 830 discedite,
598 779 647 835 quis
656 788 689 822 est

96 856 154 897 Cura
163 854 225 895 bonas
235 852 326 895 mentis:
336 851 375 908 qui
385 851 441 894 bibit
450 852 511 901 inde,
521 851 583 894 furit.
631 887 633 892 .

67 931 119 973 Non
129 930 197 985 pudet
205 929 337 979 herbosum,
347 927 402 978 dixi,
412 927 509 983 posuisse
518 936 629 969 moretum

98 1004 122 1044 ln
133 1002 228 1045 Domine
239 1003 332 1045 mensis?
341 1016 369 1044 an
379 1015 419 1044 sua
429 1015 493 1043 cause
504 1002 589 1044 subesrt

72 1080 137 1121 Lacte
147 1090 207 1119 mero
218 1088 298 1119 veteres
307 1077 340 1120 usi
350 1085 503 1119 memorantur
511 1084 533 1118 et
542 1073 626 1128 herbis,

99 1155 178 1208 Sponte
187 1167 227 1195 sua
236 1152 255 1194 si
263 1166 317 1208 quas
327 1161 385 1196 terra
394 1151 491 1197 ferebat.
502 1151 539 1194 ait.

75 1228 187 1272 Candidus
196 1227 252 1270 elisae
262 1228 365 1270 miscetur
374 1241 450 1269 caseus
459 1227 542 1279 herbae,

103 1303 224 1356 Cognoscat
232 1301 313 1357 priscos
322 1311 348 1344 ut
356 1303 398 1344 Dea
407 1301 478 1357 prisca
488 1301 554 1344 cibos.

74 1448 172 1490 Posrenr
182 1458 252 1500 quum
262 1444 316 1487 coelo
325 1445 391 1488 motis
400 1445 516 1489 Pallantias
525 1447 587 1489 astris

104 1520 207 1570 Fulserit,
217 1529 238 1562 et
248 1520 319 1562 niveos
329 1523 389 1562 Luna
399 1521 474 1563 levarit
484 1535 561 1576 equos,

73 1596 117 1656 Qui
127 1595 195 1643 dicet,
205 1593 320 1650 Quondam
330 1604 414 1637 sacrata
424 1605 456 1635 est
465 1594 519 1636 colle
528 1595 611 1653 Quirini

105 1672 148 1712 liae
157 1672 252 1711 Fortuna
262 1668 296 1709 die
307 1666 405 1719 Publica,
415 1681 479 1710 verus
488 1667 535 1711 erit.

78 1743 150 1788 Tertia
160 1743 208 1793 lux,
220 1742 322 1793 memini,
332 1741 388 1785 ludis
398 1751 456 1783 erat:
467 1750 489 1784 at
499 1741 552 1783 mibi
562 1742 651 1801 quidam

108 1817 218 1874 Spectanti
227 1816 311 1869 senior,
320 1815 479 1870 contiguusque
488 1814 549 1865 loco,

82 1895 142 1943 llaec,
152 1891 194 1943 ait,
203 1890 240 1934 illa
250 1891 306 1941 dies,
315 1889 399 1946 Libyeis
408 1903 451 1945 qua
460 1890 529 1931 Cesar
538 1888 561 1930 in
570 1888 613 1932 oris

110 1965 194 2008 Perfida
204 1964 338 2021 magnanimi
348 1962 449 2006 contudit
457 1977 518 2005 arma
527 1964 594 2005 Jubae.

79 2040 127 2082 Dux
137 2038 190 2080 milri
199 2039 269 2080 Caesar
277 2047 335 2087 erat,
344 2037 385 2078 snb
395 2050 440 2091 quo
450 2035 554 2079 meruisse
563 2036 673 2080 Tribunus

110 2111 204 2154 Glorior:
215 2110 289 2153 officio
298 2110 386 2167 prefuit
395 2110 430 2152 ille
440 2123 496 2151 meo.

80 2188 140 2232 lianc
149 2199 189 2243 ego
199 2185 276 2229 militia
286 2187 371 2238 sedem,
381 2195 406 2230 tu
415 2199 467 2242 pace
476 2184 569 2243 parasti,
