1650 2584
124 205 164 255 ¹54
350 204 535 246 FASTORUM
678 201 765 243 mm.

150 296 288 351 Caesareoque
298 297 336 339 diu
345 297 436 339 nomine
446 296 531 338 clausus
540 307 585 336 ero.

121 366 187 417 Dixin
198 378 231 417 et.
240 369 340 412 attollens
351 370 425 413 oculos
435 370 517 412 diversa
527 376 623 418 tuentes,

150 443 251 498 Adspexit
261 454 307 486 toto
316 444 422 500 quidquid
433 444 455 486 in
465 444 517 485 orbe
527 442 576 484 fuit.

121 516 163 556 Pax
173 525 229 564 erat;
240 527 261 558 et
271 518 344 566 vestri,
355 515 492 566 Germanice,
503 528 568 557 causa
577 513 683 569 triumphi

150 590 275 632 Tradiderat
285 591 378 632 famulas
384 590 433 646 jam
444 591 483 632 tibi
492 591 579 632 Rhenus
588 601 662 643 aquas.

122 664 187 713 Jane,
198 662 356 715 racemorum,
366 667 442 706 Pacem
452 664 554 719 Pacisque
564 662 688 706 ministros:

150 738 209 779 Neve
218 751 296 789 suurn,
307 747 394 793 presta,
405 739 489 780 deserat
498 746 575 779 auctor
584 750 646 792 opus.

124 881 187 936 Quor
198 890 271 922 tamen
281 895 306 923 ex
316 882 367 937 ipsis
377 880 438 924 licuit
448 881 502 923 mihi
513 881 593 923 discere
603 881 681 931 Fastis,

150 953 262 994 sacravere
271 964 342 1010 patres
352 954 391 996 hac
401 955 446 996 duo
456 953 537 1009 templa
546 953 586 995 die.

120 1027 207 1081 Accepit
217 1027 294 1071 Phoebo
304 1027 449 1085 Nymphaque
458 1028 564 1070 Coronide
574 1035 651 1069 natum

150 1100 234 1149 insuia,
244 1099 331 1141 dividua
340 1113 408 1155 quam
418 1099 498 1156 premit
507 1099 578 1141 amnis
587 1112 651 1154 aqua.

121 1174 204 1230 Jupiter
213 1175 235 1215 in
245 1183 306 1230 parte
315 1185 353 1217 est.
362 1175 423 1231 Cepit
433 1175 493 1217 locus
503 1188 560 1216 unus
570 1184 701 1228 utrumque:

150 1250 271 1303 Junctaque
280 1259 331 1291 sunt
341 1262 421 1306 magno
431 1248 512 1303 templa
522 1246 606 1303 nepotis
615 1260 661 1288 avo.

121 1397 178 1453 Quin
187 1403 245 1436 vetat
254 1403 275 1436 et
284 1394 365 1444 stelias,
376 1403 401 1436 ut
410 1407 502 1450 queque
512 1395 624 1449 oriturque
633 1393 747 1449 caditque,

149 1467 234 1508 Dicere?
243 1466 342 1524 promissi
353 1480 403 1522 pars
411 1467 440 1508 sit
449 1477 470 1508 et
479 1466 520 1509 ista
529 1467 579 1508 mei.

120 1542 198 1584 Felices
207 1541 303 1590 animos.
314 1541 394 1597 quibus
404 1543 449 1584 htec
459 1555 586 1598 cognoscere
596 1541 683 1597 primis,

148 1616 216 1670 lnque
226 1615 303 1656 domos
314 1628 402 1670 superas
411 1615 513 1657 scandere
522 1629 575 1657 cura
585 1613 637 1657 fuit!

120 1688 228 1731 Credibile
238 1699 270 1730 est
280 1688 328 1730 iilos
337 1689 419 1744 pariter
427 1689 527 1745 vitiisque
536 1689 631 1745 iocisque

148 1761 217 1803 Altius
227 1762 329 1803 humanis
339 1762 456 1803 exseruisse
465 1771 537 1818 caput.

118 1837 168 1878 Non
178 1837 252 1877 Venus
262 1846 283 1877 et
293 1836 368 1878 vinum
378 1835 481 1878 sublimia
491 1847 577 1892 pectora
587 1835 661 1892 fregit,

148 1908 279 1951 Officiumve
289 1908 342 1960 fori,
353 1908 460 1951 militiaeve
470 1909 538 1952 labor.

121 1983 165 2023 Nec
175 1980 226 2022 ieris
236 1981 337 2031 ambitio,
348 1981 479 2037 perfusaque
489 1981 556 2038 gloria
566 1981 627 2033 fuco,

148 2056 303 2109 Magnarumve
313 2054 382 2097 fames
391 2054 514 2098 sollicitavit
524 2069 599 2111 opum.

119 2127 239 2170 Admovere
248 2126 316 2169 oculis
325 2128 427 2170 distantia
436 2128 506 2171 sidera
515 2129 605 2180 nostris;

149 2200 277 2256 AEtheraque
286 2201 372 2256 ingenio
381 2217 514 2260 supposuere
523 2217 569 2246 suo.
