1650 2584
121 213 160 242 m
283 203 437 245 nemora
454 203 590 245 AMORIS.
679 206 764 245 esos.

117 287 207 337 Dixerit.
218 298 242 331 ut
251 289 323 331 venias
332 299 394 344 pacta
405 289 445 332 tibi
454 300 528 337 nocte,
538 289 618 345 venito.

147 363 246 418 Veneris,
257 374 278 407 et
287 362 353 405 luerit
359 363 429 419 janua
439 363 523 414 clausa;
533 362 597 405 feras.

117 437 162 482 Nec
172 437 206 478 dic
216 436 342 487 blanditias,
353 451 392 479 nec
401 437 437 480 fac
446 438 542 479 convicia
553 437 621 493 posti,

146 512 190 552 Nec
199 510 256 553 latus
266 511 288 552 ln
297 512 353 553 duro
362 510 438 553 limine
448 526 505 567 pone
515 521 587 555 tuum.

118 586 204 627 Postera
214 584 250 626 lux
259 585 338 636 aderlt;
348 596 435 628 caream
445 595 482 627 tua
492 587 556 628 verba
565 584 673 641 querelis:

147 658 172 699 Et
182 657 242 699 nulla
251 657 273 699 in
283 656 344 700 vultu
354 657 414 713 signa
424 657 515 700 dolentis
525 658 587 700 habe.

117 731 166 772 Jam
176 742 242 785 ponet
251 730 331 782 fastus,
341 746 411 786 quum
423 741 442 774 te
452 730 553 787 languere
563 731 658 775 videbit:

147 806 191 846 flue
200 806 266 847 etiam
276 815 350 848 nostra
360 819 442 848 munus
451 806 479 847 ab
489 816 535 848 arte
544 805 608 849 feres.

117 879 147 921 'le
155 892 242 935 quoque
253 879 302 921 falle
312 889 398 932 tamen,
408 892 448 921 uec
457 879 485 922 sit
494 880 533 922 tibi
544 879 594 922 finis
602 883 703 923 amandi.

147 954 263 1010 Proposltis
273 953 339 996 frenis
348 969 403 1011 sape
412 965 519 1011 repugnat
528 969 604 1010 equus.

119 1028 203 1071 Utilitas
212 1029 288 1080 lateam
298 1030 357 1084 quod
367 1044 412 1072 nou
422 1029 563 1085 profitebere,
573 1030 617 1073 fiet.

149 1106 201 1161 Qua
211 1104 276 1146 nimis
285 1099 390 1160 ad'parent
399 1105 464 1157 retia,
473 1105 526 1148 vitat
534 1105 586 1148 avis.

120 1179 153 1220 Ne
162 1178 203 1219 sibi
214 1187 258 1220 tam
268 1177 362 1234 placeat,
371 1192 416 1234 quo
426 1189 446 1221 te
455 1188 594 1222 contemnere
603 1180 684 1234 possm

149 1253 215 1293 Sume
225 1251 322 1293 animos:
332 1252 411 1293 animis
421 1253 483 1295 cedat
492 1261 516 1294 ut
525 1251 561 1294 illa
572 1252 621 1295 luis.

82 1318 85 1324 ’
119 1326 189 1368 lanua
198 1325 253 1368 forte
262 1335 334 1382 patet:
344 1327 444 1381 quamvis
455 1326 593 1377 revocabere,
604 1327 679 1369 transi.

150 1402 186 1442 Est
194 1400 244 1442 data
254 1413 307 1451 non
317 1400 394 1442 dubita
403 1409 467 1443 nocte
476 1400 548 1442 venire
557 1400 615 1442 data.

121 1474 183 1515 Posse
192 1473 237 1529 pari
246 1472 309 1515 facile
317 1483 359 1524 est;
370 1473 409 1515 tibi
419 1474 441 1515 ni
450 1473 555 1529 sapientia
564 1473 630 1524 desit,

150 1546 258 1587 Promlius
267 1560 280 1587 e
289 1544 346 1587 facili
356 1545 435 1601 gaudia
444 1543 503 1587 ferre
508 1545 564 1587 licet.

120 1622 147 1663 Et
156 1621 273 1676 quisquam
282 1630 388 1676 precepta
397 1629 468 1676 potest
477 1635 526 1662 mea
536 1621 592 1663 dura
601 1629 693 1664 vocare?

151 1697 183 1737 En
192 1695 257 1737 etiam
267 1704 338 1750 partes
348 1694 481 1737 conciliantis
491 1708 538 1750 ago.

122 1769 179 1810 Nam
187 1801 192 1818 ‚
201 1768 306 1824 quoniam
317 1768 399 1810 variant
408 1768 487 1817 animi,
498 1768 607 1811 variamus
616 1779 639 1813 et
648 1780 713 1812 artes.

152 1839 209 1882 Mille
220 1840 270 1881 mali
281 1842 372 1896 species,
382 1840 443 1883 mille
451 1840 526 1883 salutis
535 1850 606 1884 erunt.

121 1914 218 1968 Corpora
227 1912 261 1954 vix
271 1912 328 1955 ferro
338 1914 439 1969 quaedam
449 1924 553 1956 sanantur
562 1923 640 1956 acuto:

150 1984 260 2026 Auxilium
271 1984 346 2027 multis
355 2000 432 2028 succus
442 1996 462 2028 el
472 1986 540 2028 herba
549 1985 598 2028 fuit.

120 2056 207 2100 Mollior
217 2071 250 2106 es,
260 2072 300 2099 nec
310 2058 370 2101 abire
380 2069 452 2115 potes,
463 2060 589 2114 vinctusque
600 2061 690 2111 teneris,

150 2132 176 2172 Et
187 2140 224 2172 lua
233 2145 300 2173 saevus
310 2136 378 2174 Amor
387 2134 429 2175 sub
438 2135 492 2189 pede
502 2133 556 2176 colla
566 2133 657 2189 preml13

118 2203 195 2245 Desine
205 2202 281 2244 luctari
291 2218 296 2242 z
308 2203 403 2248 referant
413 2215 449 2247 rua
460 2207 550 2249 carbasa
559 2206 629 2249 ronti:
