1650 2584
108 182 149 233 276
337 180 419 221 rlsT
426 180 521 223 OllUlll
666 197 687 225 v.
701 198 756 237 70²·

134 269 293 324 Adtlideratque
302 282 370 311 annos
380 270 407 311 ad
418 271 462 312 duo
472 270 540 313 lustra
549 271 610 313 duos.

105 346 126 388 le
135 344 193 400 capit
202 346 291 387 extremi
302 344 388 399 vulpem
399 346 441 387 sub
451 344 505 387 valle
514 345 582 389 salicti
591 361 596 386 ε

135 419 258 460 Abstulerat
267 417 348 460 multas
358 417 394 459 illa
405 418 501 460 cohortis
510 432 565 461 ares.

106 491 218 547 Captivam
228 490 308 546 stipula
317 490 419 545 loenoque
428 490 529 542 involvit,
539 503 560 534 et
569 493 630 549 ignes

135 567 250 609 Admovet:
261 576 348 608 urentes
356 564 435 621 effugit
444 564 481 608 illa
492 578 576 610 manus.

107 640 154 696 Qua
165 637 231 695 fugit,
242 639 338 681 incendit
347 639 435 680 vestitos
444 640 551 681 messibus
560 654 638 696 agros:

136 713 248 754 Damnosis
258 713 312 754 vires
321 712 407 768 ignibus
418 726 471 754 aura
480 714 554 757 dabat.

107 790 197 832 Factum
207 788 272 839 abiit;
282 798 427 830 monumenta
435 796 538 831 manent:
549 802 602 831 nam
611 789 685 835 virere
694 803 789 851 captam

138 863 201 903 Nunc
210 875 297 917 quoque
307 861 339 903 lex
349 861 437 917 vulpem
445 862 574 905 Carseolana
583 873 648 907 vetat.

109 938 178 990 thue
188 936 234 979 luat
243 950 315 992 peenas
325 950 376 991 gens
386 936 442 980 hrec.
452 937 575 980 Cerealibus
585 939 661 983 ardet:

138 1011 229 1066 Quoque
239 1009 305 1051 modo
314 1020 394 1065 segetes
403 1009 507 1065 perdidit,
517 1009 563 1065 ipsa
572 1011 634 1067 perit.

109 1085 195 1125 Postera
204 1096 273 1138 quum
284 1082 355 1124 veniet
365 1092 431 1124 terras
441 1082 511 1124 visura
522 1093 620 1139 patentes

139 1155 261 1198 Memnonis
271 1155 293 1196 iu
303 1156 369 1196 roseis
379 1156 438 1197 lutea
448 1165 518 1197 mater
526 1158 599 1212 equis;

110 1231 189 1273 Educe
200 1228 288 1283 lanigeri
297 1228 390 1282 pecoris,
401 1229 439 1283 qui
449 1230 544 1284 prodidit
555 1230 638 1282 Hellen,

140 1301 174 1343 Sol
185 1301 242 1343 abit:
253 1314 337 1357 egresso
346 1301 433 1344 victima
445 1302 517 1357 major
525 1305 591 1347 adest.

111 1377 182 1418 Vacca
191 1375 218 1418 sit
227 1389 254 1416 an
266 1386 351 1421 taurus.
363 1388 407 1417 non
417 1386 449 1418 est
458 1388 586 1432 cognoscere
596 1388 715 1434 promtum
725 1399 730 1424 :

140 1454 189 1492 Pars
199 1450 257 1506 prior
266 1451 364 1506 adparet·
375 1451 494 1507 posteriora
505 1450 577 1494 latent.

111 1526 152 1567 Seu
163 1534 235 1567 tamen
246 1533 278 1566 est
287 1533 373 1573 taurus,
383 1524 427 1565 sive
436 1534 468 1565 est
477 1524 519 1564 hoe
528 1522 610 1566 femina
619 1524 724 1581 signnm

139 1601 225 1641 lunone
234 1597 301 1640 inrita
310 1610 392 1639 munus
401 1597 482 1639 amoris
491 1597 564 1639 hahet.

112 1749 161 1790 Nox
170 1745 234 1794 abiit,
244 1744 357 1800 oriturque
366 1747 455 1786 Aurora.
465 1742 538 1785 Palilia
548 1756 631 1800 poscor.

143 1823 191 1862 lion
202 1833 279 1874 poscor
289 1817 380 1869 frustra,
390 1818 407 1860 si
417 1817 475 1860 lavet
483 1817 541 1860 alma
551 1819 616 1860 Pales.

113 1896 175 1938 Alma
186 1894 254 1943 Pales,
265 1886 335 1937 iaicas
347 1893 439 1947 pastoria
449 1906 509 1935 sacra
518 1893 616 1943 canenti,-

143 1971 262 2022 Prosequor
270 1967 344 2008 officio
353 1967 370 2008 si
381 1976 419 2008 tua
428 1965 482 2008 festa
492 1966 535 2022 pio.

114 2042 176 2083 Certe
185 2053 224 2095 ego
234 2041 260 2081 de
271 2037 338 2082 vitulo
348 2040 455 2088 cinerem,
465 2039 598 2096 stipulasque
607 2038 702 2094 ebalo,

143 2115 201 2167 Saepe
211 2111 250 2153 tuli
260 2111 334 2167 plena,
345 2110 422 2153 februa
431 2121 500 2160 costa.
511 2125 585 2153 manu.

115 2187 176 2229 Certe
185 2197 223 2238 ego
235 2183 331 2229 uanului
341 2185 422 2239 positas
432 2195 465 2226 ter
473 2183 497 2227 in
505 2184 581 2226 ordine
590 2183 704 2237 flammas3
