1650 2584
88 239 93 249 ·
146 213 314 289 ARTIS
343 213 665 292 AMATORIAE
710 221 714 228 ’

223 416 358 475 LIBER
377 417 580 476 TERTIUS.

89 747 145 789 lm
153 746 202 788 dedi
211 744 291 788 Denuo
299 744 324 786 in
333 746 458 788 Amazonas.
467 748 532 789 Arma
541 759 669 805 supersunt,

111 823 160 879 Qun
169 821 209 863 tihi
219 821 282 870 dem,
292 830 315 862 et
325 829 413 871 turma,
423 821 564 872 Penthesilea,
574 833 623 867 tuae.

86 894 111 936 lte
119 895 140 937 in
149 894 206 937 bella
215 907 292 950 parea:
302 893 401 945 vincant,
409 894 489 949 quibus
498 896 556 938 alme
564 897 631 939 llione

110 968 200 1018 Faverit,
209 977 243 1017 et,
253 976 301 1010 toto
310 967 348 1022 qui
358 966 417 1009 volat
424 968 487 1019 orbe,
497 971 557 1011 Puer.

85 1039 127 1082 llon
137 1050 184 1082 erat
192 1039 285 1082 armatis
293 1052 381 1095 aequum
392 1053 520 1082 concurrere
530 1042 613 1085 nudas:

106 1113 137 1155 Sic
146 1112 215 1155 etiam
225 1112 286 1154 robis
296 1111 379 1155 vincere
390 1122 463 1168 turpe,
473 1112 520 1156 viri.

82 1186 154 1230 llixerit
163 1201 175 1230 e
185 1186 263 1229 multis
271 1185 360 1241 aliquis,
369 1187 426 1245 Quid
436 1188 493 1230 virus
502 1188 525 1231 iu
534 1203 628 1253 unguem

105 1259 196 1316 Adjicis!
206 1269 229 1302 et
238 1258 318 1301 rabide
328 1259 394 1302 tradis
403 1260 458 1303 orile
468 1260 535 1317 lupael

81 1333 156 1374 Parcite
166 1345 288 1388 paucarum
298 1330 422 1376 diffundere
430 1333 513 1376 crimen
520 1336 544 1378 iu
553 1349 636 1380 omues.

106 1407 218 1460 Spectetur
227 1404 310 1447 meritis
319 1419 409 1462 quaeque
418 1407 489 1461 puella
498 1408 550 1467 suis.

79 1479 98 1521 Si
108 1480 180 1523 minor
188 1480 272 1522 Atrides
281 1479 384 1531 Helenen,
393 1480 525 1537 Helenesque
533 1497 630 1527 sororem

104 1555 152 1612 Quo
161 1562 249 1610 premat
257 1553 339 1596 Atrides
348 1553 439 1596 crimine
448 1553 521 1611 major
528 1555 604 1609 haben

77 1625 97 1667 Si
106 1625 185 1668 scelere
194 1624 290 1668 ouclldec
299 1624 430 1668 Talaionidae
438 1627 547 1684 Eriphylea

103 1699 183 1749 Vivus,
193 1697 248 1741 etin
257 1697 310 1740 vivis
319 1698 347 1740 ad
356 1699 421 1754 Styga
429 1699 488 1741 venit
496 1699 569 1755 equis3

77 1774 111 1816 Est
121 1773 156 1829 pia
165 1772 282 1828 Penelope,
291 1771 365 1816 lustris
374 1784 459 1816 errante
469 1773 567 1827 duobus,

104 1850 129 1891 Ee
139 1847 230 1891 totidem
239 1845 313 1889 lustris
322 1846 378 1889 bella
387 1857 473 1903 gerente
483 1847 536 1890 viro.

76 1921 161 1978 Respice
171 1920 308 1978 Phyllaciden
316 1934 322 1960 :
331 1931 354 1964 et
361 1934 409 1975 qun
419 1934 492 1963 comes
501 1920 542 1964 itse
550 1923 630 1967 marito

103 1997 186 2046 Fertur,
194 2005 217 2038 et
226 2004 276 2037 ante
285 2007 355 2038 anuos
363 1994 489 2037 occubuisse
498 2008 556 2038 suot.

75 2070 125 2113 l'ata
135 2069 265 2112 Pheretiade
274 2068 355 2125 conjux
364 2070 461 2126 Pagasaea
470 2070 574 2114 redemit:

102 2145 185 2199 Proque
194 2142 229 2185 sui
239 2153 271 2185 eet
281 2155 336 2186 uxor
345 2142 421 2185 funere
431 2143 475 2185 lata
483 2143 530 2185 viri.

76 2215 149 2272 lccipe
160 2229 206 2269 me,
216 2217 330 2273 caponem
340 2215 422 2259 cineres
431 2215 580 2265 miscebimus,
589 2215 661 2272 iuquit
