1650 2584
115 203 142 255 42
284 204 382 246 tarts
400 203 586 246 autroatu
688 207 760 261 ηε.

144 293 217 334 Icarus
226 292 304 336 audaci
313 294 392 337 lortius
401 304 448 337 arte
457 294 529 338 volat:

115 367 157 407 llos
166 367 255 422 aliquis,
265 370 357 412 tremula
367 371 420 412 dum
432 379 505 426 captat
513 370 621 413 arundine
630 371 711 427 pisces,

145 441 214 490 Vidit;
224 454 245 485 et
254 442 364 499 inceptum
375 444 450 486 dextra
461 444 547 499 reliquit
557 458 619 499 opus.

114 517 162 558 lam
173 518 248 561 Samos
258 532 270 560 a
280 518 330 561 luva
341 519 428 561 fueraut
438 521 552 575 Naxosque
562 519 653 570 relicte,

145 594 170 634 Et
178 595 252 642 Paros,
262 603 284 636 et
292 593 362 636 Clario
371 594 432 635 Delos
441 604 515 637 amata
524 596 573 636 Deo.

115 666 191 708 Dextra
201 667 322 723 Lehyuthos
332 678 404 717 erant,
414 667 514 722 silvisque
525 668 629 709 umbrosa
638 668 755 727 Calymne,

96 736 100 747 ¹
141 741 261 797 Cinctaque
270 742 357 798 piscosis
367 743 484 799 Astypalaea
493 742 564 784 vadis:

115 816 188 873 Quum
199 831 259 872 puer,
269 818 361 860 incautis
370 818 465 859 nimium
476 817 603 860 temerarius
612 819 684 873 ausis,

145 889 213 931 Altius
223 891 265 947 egit
274 892 321 943 iter,
330 892 468 947 deseruitque
477 892 563 933 ducem.

116 963 192 1007 Vincla
201 964 286 1018 labaut;
296 977 318 1008 et
327 980 375 1008 cera
384 969 427 1008 Deo
437 966 538 1022 propiore
548 966 661 1021 liquescit:

146 1039 190 1079 Nec
200 1049 274 1081 tenues
283 1050 357 1081 ventos
367 1040 455 1082 brachia
467 1050 527 1082 mota
537 1050 618 1083 teuent.

116 1111 211 1154 Territus
220 1126 231 1153 e
241 1127 329 1155 summo
339 1114 435 1169 desperit
444 1114 466 1155 iu
476 1127 563 1169 equora
572 1114 639 1156 etelo:

145 1187 192 1227 Nox
201 1185 269 1228 oeulis
279 1187 356 1243 pavido
365 1187 423 1230 venit
433 1188 510 1228 oborta
521 1196 587 1229 metu.

116 1260 243 1304 Tabuerant
249 1276 311 1312 οπως
323 1264 392 1305 nudos
402 1264 474 1318 quatit
484 1262 519 1305 ille
528 1263 633 1306 lacertos:

146 1335 170 1376 Et
181 1335 282 1391 trepida13
293 1350 342 1387 nee,
352 1349 396 1391 quo
406 1337 544 1384 sustineatur.
554 1336 626 1379 habet.

116 1407 207 1457 Decidit3
218 1419 282 1465 euque
291 1410 380 1458 cadens,
389 1411 458 1459 Pater,
468 1424 481 1452 ο
491 1419 558 1465 pater,
568 1409 663 1462 auferor,
675 1411 757 1469 iuquit.

145 1481 274 1524 Clauserunt
282 1483 359 1525 virides
369 1496 407 1524 ora
417 1482 524 1538 loquentis
533 1471 601 1538 aqure.

117 1557 144 1597 At
153 1566 214 1611 patet·
223 1556 307 1607 infelix,
314 1557 362 1613 jam
373 1567 494 1612 amparet,
505 1559 573 1607 lcare,
584 1557 677 1610 clamat,

145 1631 214 1679 leare,
224 1628 314 1681 clamat,
325 1631 362 1672 ubi
372 1635 406 1671 es?
414 1643 484 1685 quove
494 1630 535 1672 sub
545 1643 583 1671 axe
593 1630 665 1673 volasl

117 1703 186 1751 leare,
197 1702 319 1746 clamabat:
330 1717 411 1759 penuau
421 1703 517 1759 adspexit
527 1704 548 1745 iu
559 1704 630 1746 undis.
715 1708 731 1737 ⁸

147 1777 198 1817 Ossa
208 1776 259 1831 tegit
269 1775 342 1828 tellus3
351 1790 438 1831 aequore
447 1789 527 1818 nomeu
537 1776 625 1819 habent.

118 1849 168 1891 Non
177 1849 249 1899 potuit
258 1850 328 1892 lllinos
336 1849 432 1892 hominis
442 1863 578 1906 compescere
587 1863 670 1906 pennas
679 1867 684 1894 :

148 1925 194 1978 lpse
203 1924 271 1964 Deum
280 1923 391 1965 volucrem
400 1923 517 1966 detinuisse
526 1937 585 1979 paro.

118 1995 213 2044 Fallitur,
224 1996 343 2038 Hemoniae
352 1997 370 2038 si
379 1997 428 2052 quis
437 1997 532 2039 decurrit
541 1998 567 2039 ad
577 2007 645 2047 artes;

148 2072 240 2124 Datque,
250 2071 308 2125 quad
318 2085 331 2113 a
341 2072 408 2113 teneri
418 2072 490 2114 fronte
500 2072 586 2115 revellet
595 2074 652 2127 equi.

120 2145 170 2186 Nou
180 2143 271 2195 facient,
281 2155 306 2187 ut
315 2146 372 2187 vivut
381 2159 451 2196 amor,
461 2147 567 2188 Medeides
577 2147 661 2199 herbae,

150 2218 259 2275 Mixtaque
267 2232 319 2262 eum
329 2219 418 2276 magicis
427 2221 497 2263 uaeuia
507 2220 650 2264 Memnonis.
