1650 2584
55 226 73 254 V·
84 215 135 268 424.
308 213 411 258 LlBEll
428 218 444 258 l.
671 219 697 258 23

82 302 160 346 Oscula
168 303 249 346 deinde
258 303 334 346 dabit:
345 305 422 348 deinde
432 305 528 361 rogabit,
538 320 603 350 emas.

53 377 95 419 lloc
104 376 153 419 lore
160 387 290 420 contentam
299 378 381 422 multos
387 379 474 435 jurabit
482 380 505 422 in
515 394 591 423 annos.

80 452 146 492 Nunc
156 465 212 507 opus
222 465 268 494 esse
277 451 330 502 sibi,
340 466 399 495 nuno
408 454 464 495 hene
473 453 530 496 dicet
539 454 590 495 erni.
639 475 642 485 =

53 523 125 566 Sinon
136 539 182 567 esse
191 525 265 575 dorni,
275 539 331 580 quos
340 510 388 577 des,
398 527 514 568 causabere
524 541 638 579 numm0s;

81 597 153 641 Litera
162 608 276 655 poscetur;
287 612 315 641 ne
325 599 424 642 didicisse
430 600 500 655 juvet.

52 672 120 728 Quid?
129 672 194 728 quasi
203 672 272 715 natali
281 686 352 728 quum
362 674 431 729 poscit
441 688 533 716 munera
542 674 599 726 libo;

81 748 117 798 Et,
127 746 215 802 quoties
224 760 280 802 opus
289 755 332 796 est,
342 747 439 790 nascitur
447 747 493 804 ipsa
502 748 555 789 sibit

54 818 123 875 Quid?
132 832 205 873 quum
216 817 315 860 mendaci
325 819 406 861 damno
416 819 554 862 moestissima
563 819 645 876 plorat;

81 893 216 949 Elapsusque
225 906 278 935 cava
287 892 377 948 fingitur
385 907 438 936 aare
447 893 513 949 lapist

57 967 123 1010 llulta
133 976 212 1023 rogant
223 968 303 1010 utenda
312 967 372 1009 dari:
382 968 434 1010 data
443 968 531 1010 reddere
539 967 624 1011 nolunt.

82 1039 166 1091 Perdis;
176 1050 199 1082 et
207 1039 230 1081 in
240 1041 321 1082 damno
330 1040 398 1095 gratia
406 1039 467 1082 nulla
477 1049 522 1083 tuo.

57 1115 104 1157 lion
114 1115 182 1163 mihi,
192 1113 304 1169 sacrilegas
315 1114 455 1157 meretricum
465 1124 490 1158 ut
498 1129 616 1171 prosequar
624 1125 692 1168 artes,

82 1190 138 1231 Cum
148 1187 240 1230 totidem
250 1186 340 1242 linguis,
349 1187 392 1229 sint
401 1188 453 1231 satis
462 1202 501 1230 ora
510 1189 592 1230 decem.

57 1261 106 1303 cera
115 1260 199 1302 vadum
209 1267 288 1310 tentet,
298 1259 351 1300 rasis
359 1258 433 1301 infusa
443 1259 537 1302 tabellis:

83 1337 137 1378 Cera
147 1344 190 1377 tuae
200 1333 297 1389 primurn
307 1333 384 1376 nuntia
393 1334 472 1376 mentis
481 1344 523 1377 eat.

57 1407 171 1450 Blanditias
181 1405 236 1448 ierat
245 1405 281 1448 illa
291 1415 352 1448 tuas:
363 1406 491 1461 imitataque
499 1416 614 1450 amantum

83 1482 166 1532 Verba,
177 1493 216 1521 nec
225 1479 324 1534 exiguas,
333 1479 430 1535 quisquis
439 1493 472 1531 es,
481 1481 536 1522 adde
545 1494 624 1536 preces.

58 1555 144 1597 liectora
154 1552 244 1595 donavit
252 1552 348 1601 Priamo,
359 1566 422 1608 prece
431 1563 515 1605 motus,
525 1553 626 1596 Achilles:

6 1666 7 1669 ,
83 1627 186 1670 Flectitur
194 1626 262 1668 iratus
272 1638 324 1667 voce
333 1635 423 1681 rogante
432 1628 493 1668 Deus.

59 1701 170 1743 Promittas
180 1698 259 1741 facito:
269 1698 323 1754 quid
332 1699 392 1740 enim
400 1697 528 1754 promittere
536 1698 605 1742 laeditt

6 1802 8 1817 r
84 1773 184 1816 Pollicitis
193 1771 253 1814 dives
261 1771 353 1827 quilibet
361 1785 406 1819 esse
416 1781 492 1827 potest.

6 1832 7 1863 ἶ
60 1850 105 1905 Spes
114 1857 173 1891 tenet
182 1846 206 1887 in
216 1855 315 1901 tempus,
324 1845 390 1887 semel
400 1855 432 1887 est
440 1845 459 1887 si
468 1845 559 1896 credita,
570 1844 670 1902 longum:

85 1922 120 1965 Illa
130 1921 222 1977 quidem
232 1918 308 1968 fallax,
318 1919 355 1960 sed
366 1928 439 1960 tumen
448 1929 500 1974 apta
509 1920 551 1960 Dea
561 1928 599 1962 est.
656 1946 657 1949 =

60 1997 77 2038 Si
85 1995 167 2038 dederis
176 1992 272 2048 aliquid,
282 1991 361 2047 poteris
371 1991 455 2034 ratione
465 1991 565 2047 relinqui.

83 2068 218 2112 Praeteritum
229 2064 314 2117 tuterit,
324 2063 482 2120 perdideritque
491 2064 552 2106 nihil.

59 2146 81 2187 lt
88 2144 145 2199 quod
155 2154 202 2183 non
211 2137 307 2189 dederis,
317 2151 402 2194 semper
411 2139 495 2180 videare
504 2139 602 2181 daturus.

83 2216 114 2260 Sic
123 2212 245 2259 dominum
254 2209 333 2254 sterilis
342 2224 397 2267 saepe
406 2209 483 2253 fefellit
491 2223 548 2265 ager.
