1650 2584
101 222 126 255 v.
138 224 172 269 99.
341 216 441 260 tissa
458 218 506 260 111.
699 224 740 264 αις

104 303 152 343 Nnc
162 300 251 344 totidem
262 311 352 354 veteres,
361 315 416 361 quot
425 320 494 359 nunc,
504 307 599 351 habuere
606 307 717 353 Kalendas.

133 374 170 417 Ille
181 376 252 420 minor
261 379 351 434 geminis
361 381 472 424 mensibus
482 395 552 425 annus
561 393 613 426 erat.

104 449 209 492 Nondum
220 451 336 495 tradideras
345 452 411 496 victas
420 455 536 498 victoribus
546 465 612 508 artes,

134 522 224 573 (tracia,
235 521 365 576 facundum,
376 527 413 567 sed
423 527 479 569 male
489 526 554 579 forte,
565 542 639 584 genus.

104 593 147 651 Qui
156 594 211 636 bene
220 606 337 651 pugnarat,
346 599 468 640 Romanam
477 609 566 642 noverat
574 610 643 643 artem
652 617 657 643 ε

134 665 217 709 Mittere
226 666 263 723 qui
272 678 356 724 poterat
365 670 420 726 pila,
429 670 521 713 disertus
530 681 582 714 erat.

103 737 156 795 Quis
166 747 217 781 tuuc
225 750 263 783 aut
273 742 365 797 Hyadas,
375 751 414 784 aut
423 741 517 784 Pleiadas
525 742 646 796 Atlanteas,

131 812 240 864 Senserat,
249 824 288 858 aut
296 814 393 869 geminos
402 829 447 857 esse
457 817 498 858 sub
508 830 546 859 axe
556 817 629 872 polos!

102 886 151 929 Esse
160 886 213 929 duas
223 889 306 938 Arctos,
316 902 410 944 quarum
419 890 530 946 Cynosura
539 899 625 945 petatur

131 959 234 1011 Sidoniis,
243 961 328 1004 Helicen
337 962 400 1006 Graia
411 963 485 1005 carina
494 969 567 1006 notett

101 1032 208 1090 Signaque
217 1048 264 1091 quae
273 1033 338 1091 longo
348 1034 415 1078 frater
425 1046 551 1092 percenseat
560 1050 628 1088 anuo,

130 1110 163 1150 lre
173 1122 210 1164 per
220 1109 264 1151 lraec
274 1123 318 1152 uno
328 1124 401 1152 mense
410 1111 490 1153 sororis
500 1117 579 1168 equosl
651 1113 659 1125 '

101 1180 176 1224 Libera
185 1183 311 1233 currebant.
321 1193 343 1226 et
352 1183 488 1228 inobservata
496 1198 535 1241 per
544 1199 627 1228 annum

130 1255 214 1298 Sidera:
224 1257 337 1299 constabat
346 1257 382 1298 sed
393 1265 467 1300 tamen
476 1272 521 1300 esse
530 1260 591 1301 ileos.

100 1328 150 1370 Nou
159 1327 190 1369 illi
200 1326 252 1370 ctelo
262 1327 356 1371 labentia
365 1329 426 1384 signa
437 1331 563 1381 movebant;
646 1377 649 1383 ,

129 1401 169 1442 Sed
177 1414 228 1443 sua:
237 1415 285 1456 quae
294 1415 400 1457 magnum
409 1403 499 1457 prodere
509 1403 591 1445 crimen
600 1413 652 1446 erat.

99 1475 182 1531 illaque
190 1477 217 1518 de
227 1474 291 1518 loeno.
300 1477 340 1518 Sed
349 1485 396 1518 erat
405 1477 523 1519 reverentia
532 1476 601 1528 loeno,

128 1549 238 1605 Quantam
247 1561 306 1590 nunc
315 1547 402 1603 Aquilae
410 1548 479 1590 cernis
489 1548 568 1590 habete
579 1558 634 1591 tuas.

98 1621 181 1664 Pertica
189 1634 303 1677 suspensos
310 1620 413 1675 portabat
421 1619 485 1676 longa
495 1620 615 1677 maniplos:

128 1695 188 1737 Unde
198 1693 322 1750 maniplaris
331 1691 422 1735 nomina
430 1694 492 1736 miles
502 1695 574 1739 habet.

98 1771 154 1826 Ergo
165 1768 233 1811 animi
243 1768 357 1820 indociles,
367 1777 388 1810 et
397 1769 469 1811 adhuc
478 1769 561 1811 ratione
570 1780 677 1822 carentes,

126 1842 237 1886 Mentibus
246 1852 337 1897 egerunt
345 1840 415 1883 lustra
424 1842 511 1884 minora
520 1842 601 1885 decem.

97 1921 173 1962 Annus
182 1927 239 1967 erat,
248 1916 358 1959 decimum
368 1929 438 1970 quum
448 1919 507 1959 Luna
515 1917 631 1973 repleverat
640 1920 723 1962 orbem.

126 1992 164 2034 flic
173 2005 278 2034 numerus
287 2004 367 2047 magno
377 1999 428 2033 tuuc
438 1992 550 2034 inhonore
560 1991 609 2035 luit.

95 2068 138 2108 Seu
148 2064 199 2120 quia
209 2073 241 2106 tot
250 2063 321 2119 digiti,
330 2075 370 2117 per
378 2076 433 2117 quos
442 2077 557 2107 numerare
565 2065 671 2118 solemus;

125 2141 167 2181 Seu
177 2138 227 2193 quia
237 2138 269 2180 bis
278 2137 347 2193 quino
356 2135 439 2180 femina
448 2153 522 2181 mense
531 2139 599 2195 pario

92 2215 137 2257 Seu
146 2212 206 2267 quod
215 2212 310 2267 adusque
319 2211 395 2255 decem
404 2225 497 2257 numero
506 2222 612 2257 crescente
621 2214 717 2268 venitur3
