1650 2584
120 168 148 209 60
288 166 385 208 tntis
405 167 589 208 tnntontre
678 167 764 209 v.⁵62.

149 253 271 296 Mulciberis
282 255 339 309 capti
349 257 448 310 Marsque
459 256 574 308 Venusque
583 253 647 296 dolis.

120 330 177 372 Mars
188 339 254 384 pater,
264 329 340 372 insano
350 330 440 372 Veneris
450 330 550 372 turbatus
559 343 646 380 amore,

151 406 180 446 De
189 404 243 446 duce
254 403 342 447 terribili
353 403 424 447 factus
433 414 518 446 amator
527 412 580 446 erat.

122 480 166 521 Nec
177 480 250 520 Venus
260 478 342 529 oranti,
352 492 422 532 neque
431 478 490 519 enim
499 480 541 519 bea
553 476 640 519 mollior
650 476 695 520 ulla
704 488 750 528 est,

152 553 238 595 Rustica
247 552 349 602 Gradivo,
359 552 479 594 difficilisve
489 552 538 594 fuit.

124 628 167 671 th!
177 627 261 683 quoties
270 627 349 670 lasciva
357 628 422 683 pedes
431 627 500 669 risisse
510 626 583 669 mariti

154 702 242 753 Dicitur,
252 713 274 745 et
283 706 347 744 duras
357 702 406 758 igne
416 701 448 743 vel
458 712 503 744 arte
514 703 603 744 manus!

125 779 193 820 Marte
203 777 274 832 palam
284 777 373 820 simulat
383 777 505 819 Vulcanum
515 776 612 825 imitata,
621 776 722 827 decebam

156 851 266 906 Multaque
275 865 327 893 cum
337 850 410 892 forma
417 850 486 906 gratia
496 849 563 891 mixta
573 847 622 891 tuit

126 926 166 968 Sed
175 926 230 967 bene
240 925 368 968 concubitus
376 925 459 981 primos
469 924 538 967 celare
547 923 653 966 solebant.

156 1001 220 1042 Plena
230 1000 344 1042 verecundi
354 1000 417 1056 culpa
427 1000 516 1056 pudoris
526 1008 578 1041 erat.

128 1075 210 1118 Indicio
219 1075 283 1125 Solis,
294 1074 355 1131 (quis
365 1074 436 1117 Solem
446 1075 519 1117 fallere
528 1070 624 1130 possit)l

157 1147 247 1203 Cognita
256 1146 354 1189 Vulcano
363 1146 462 1202 conjugis
471 1156 518 1189 acta
527 1161 578 1190 suae.
749 1194 753 1197 Α

129 1225 201 1282 Quam
210 1222 278 1273 mola,
288 1221 334 1273 Sol,
344 1221 442 1283 exempla
451 1228 536 1264 moves?
544 1233 593 1278 pete
603 1237 686 1266 munus
696 1224 724 1266 ab
735 1222 785 1265 illa:

159 1300 185 1340 Et
195 1297 244 1347 ribi,
254 1297 271 1339 si
281 1306 362 1347 taceas,
372 1298 431 1352 quod
440 1297 491 1339 dare
500 1297 577 1352 possit,
587 1299 661 1341 habet.

131 1371 236 1417 Mulciber
245 1372 347 1413 obscuros
357 1370 437 1413 lectum
448 1371 546 1427 circaque
555 1385 664 1427 superque

161 1445 258 1501 Disponit
267 1445 367 1501 laqueos:
378 1444 461 1487 lumina
470 1444 524 1487 fallit
534 1459 595 1500 opus.

132 1520 202 1576 Fingit
211 1520 252 1563 iter
260 1522 369 1562 Lemnon:
380 1519 470 1561 veniunt
479 1519 507 1560 atl
517 1518 586 1560 foedus
595 1527 708 1561 amantes:

162 1595 264 1652 Impliciti
273 1594 355 1650 laqueis
364 1595 437 1636 nudus
446 1603 537 1649 uterque
544 1591 625 1648 jacent.

133 1673 242 1714 Convocat
250 1669 286 1711 ille
295 1671 354 1711 Deos.
364 1669 461 1710 Probent
470 1666 591 1723 spectacula
600 1667 665 1722 capti.

165 1742 204 1785 Vix
214 1742 320 1798 lacrymas
329 1742 436 1783 Venerem
446 1738 578 1781 continuisse
587 1748 673 1793 putant.

135 1818 186 1860 Non
195 1815 268 1858 vultus
278 1814 353 1857 texisse
361 1826 424 1864 suos,
433 1827 478 1855 non
487 1811 579 1866 denique
588 1822 681 1868 possunt

165 1890 264 1933 Partibus
273 1888 370 1932 obscenis
380 1888 505 1945 opposuisse
514 1901 599 1930 manus.

136 1964 174 2007 llic
184 1961 261 2018 aliquis
270 1962 352 2011 ridens,
362 1963 387 2003 in
396 1974 444 2012 me,
453 1959 570 2002 fortissime
579 1961 676 2009 Mavors,

168 2038 188 2080 Si
198 2036 237 2079 tibi
246 2045 298 2079 sunt
307 2035 378 2087 oneri,
388 2035 475 2079 vincula
485 2035 582 2083 transfer.
592 2034 628 2076 ait.

138 2110 179 2153 Vix
189 2108 299 2165 precibus,
308 2110 420 2163 Neptune,
431 2107 473 2149 tuis
482 2107 566 2163 captiva
576 2105 663 2149 resolvit

167 2184 267 2238 Corpora.
277 2184 333 2226 Mars
342 2182 438 2226 Threcen
447 2191 550 2238 occupet5
560 2181 596 2224 illa
605 2181 703 2238 Paphon.
