1650 2584
87 217 129 259 230
316 213 498 256 Fastorum
642 226 663 254 v.
675 214 729 267 487.

88 303 169 349 Thesea
178 302 293 360 culpabas,
303 300 447 357 fallacemque
455 299 500 357 ipsc
508 300 613 343 vocabas:

116 378 201 420 iudicio
208 392 283 434 peccat
292 377 378 433 turpius
385 377 431 432 ipse
441 386 486 419 tuo.

87 452 120 494 Ne
129 452 183 494 sciat
192 454 233 495 hoc
242 452 370 508 quisquam,
380 450 493 506 tacitisque
503 448 614 492 doloribus
623 462 687 492 urar:

118 529 149 569 Ne
160 528 222 570 toties
229 527 274 569 tani
284 528 349 583 digna
359 525 425 568 fuisse
434 535 504 582 puter.

87 601 195 657 Pracipue
204 601 292 655 cupiam
301 598 365 642 celari
373 599 465 647 Thesca3
476 611 503 639 ne
514 606 534 639 te

117 674 244 716 Consortcm
254 671 322 727 culpa
331 673 475 727 gaudeatcssc
484 683 534 712 suae.

88 747 125 795 At,
136 754 200 801 puto,
210 745 323 800 praeposita
331 754 364 786 eat
373 742 438 785 fuscae
449 740 504 783 mihi
513 740 605 783 candida
611 739 689 797 pellex.

119 820 208 862 Eveniat
217 819 295 862 nostris
302 818 401 861 hostibus
410 818 446 860 ilic
455 818 522 860 color.

90 894 147 949 Quid
157 903 230 936 tamen
240 894 280 937 hoc
290 894 366 939 refert,
375 892 429 936 vitio
437 893 455 935 si
465 893 546 948 fimtior
553 891 601 948 ipsc
610 895 655 933 est?

119 968 176 1023 Quid
186 966 250 1009 facis!
258 967 371 1024 amplexus
379 966 480 1022 inquinat
489 966 525 1007 issa
536 975 590 1008 tuos.

90 1039 182 1090 Bacche,
192 1038 257 1081 fidem
268 1049 355 1094 praesta3
364 1052 404 1081 nec
414 1037 492 1094 prefer
499 1037 610 1080 amoribus
619 1035 690 1079 uliam

120 1111 234 1167 conjugis.
243 1112 337 1154 adsueta
346 1125 432 1167 semper
442 1124 517 1153 amare
526 1111 605 1153 virum.

90 1188 198 1242 Cepcrunt
207 1195 300 1228 matrem
310 1185 400 1228 formosi
409 1199 493 1228 cornua
504 1186 569 1234 tauri;

121 1261 154 1301 Me
164 1268 212 1301 tua:
222 1268 245 1301 at
253 1258 288 1300 hic
298 1258 357 1301 laudi
367 1270 410 1309 cst,
420 1259 455 1301 ille
464 1261 578 1315 pudendus
587 1271 657 1300 amor.

93 1335 126 1376 Ne
133 1342 209 1374 noceat
216 1333 275 1388 quod
282 1346 344 1374 amo:
352 1334 488 1388 nequeenim
496 1333 534 1374 tibi
541 1364 547 1381 ‚
555 1332 646 1383 Bacche,
654 1333 765 1386 nocebat,

121 1407 184 1465 Quod
195 1406 295 1449 flammas
304 1407 367 1449 nobis
377 1406 447 1450 fassus
456 1421 478 1449 es
488 1407 533 1463 ipse
544 1416 600 1449 tuas.

91 1482 148 1530 Nec,
158 1481 218 1536 quod
227 1494 266 1523 nos
276 1480 331 1532 uris,
340 1481 424 1523 mirum
433 1480 486 1523 facis
495 1513 501 1531 ,
510 1491 571 1524 ortus
580 1481 603 1523 in
613 1480 662 1537 igne

122 1554 215 1606 Diceris,
224 1563 246 1597 et
254 1555 323 1610 patria
332 1564 407 1610 raptus
416 1555 444 1596 ab
454 1555 502 1610 igue
513 1568 587 1596 manu.

92 1627 132 1670 ula
141 1642 181 1685 ego
190 1642 251 1678 sum,
261 1628 296 1670 cui
307 1638 331 1671 tu
339 1627 416 1670 solitus
425 1628 551 1683 promittere
560 1626 647 1670 coelum.

124 1701 161 1742 Hei
171 1700 225 1742 mihi
233 1733 239 1747 ,
248 1714 288 1756 pro
297 1701 350 1743 coelo
359 1700 433 1756 qualia
441 1701 499 1741 dona
509 1699 555 1742 fero
564 1701 588 1741 ξ»

94 1774 190 1819 Dixerat:
198 1775 288 1817 audibat
293 1774 427 1830 jamdudum
438 1776 501 1817 verba
511 1773 621 1829 querentis

123 1849 197 1899 Liber,
208 1857 232 1891 ut
240 1863 253 1890 a
263 1858 322 1904 tergo
332 1848 386 1891 torte
396 1857 482 1891 secutus
491 1858 544 1891 erat.

96 1922 193 1976 Occupat
201 1915 313 1976 arirpstxu,
323 1920 471 1978 lacrymasque
481 1933 519 1976 per
527 1920 602 1963 oscula
610 1918 691 1963 siccat:

125 1997 161 2044 Et,
172 1994 251 2036 Pariter
258 1995 306 2045 eceli
315 2008 402 2037 summa
413 2005 523 2050 petamus,
533 1995 570 2037 ait.

95 2067 129 2108 Tu
139 2066 192 2106 mihi
198 2065 275 2121 juncta
286 2077 345 2116 toro,
354 2068 408 2108 mihi
415 2069 494 2122 juniora
503 2064 608 2108 vocabula
616 2078 694 2108 sume:

124 2139 173 2179 Jarn
183 2137 222 2179 tibi
232 2148 320 2180 mutata
330 2138 405 2181 Libera
414 2153 495 2181 nornen
505 2140 552 2180 erit.

96 2209 185 2265 Simque
196 2220 237 2255 tuae
248 2220 320 2254 tecum
330 2211 408 2255 faciam
419 2223 562 2256 monumenta
571 2215 668 2261 corona,
