1650 2584
114 174 155 226 324
340 170 525 219 tastotttm
693 188 720 216 v.
735 175 776 228 76.

142 260 223 303 Unicus
231 270 273 311 est,
283 261 310 303 de
319 274 364 316 quo
372 260 526 310 sollicitamur,
537 261 616 304 honor.

112 333 170 390 Quid
178 348 252 389 grave,
262 334 279 375 si
289 333 378 376 titulum
389 335 480 385 mensis,
489 336 597 385 llomane,
607 334 705 377 dedistis

142 407 237 450 Herculis
246 408 320 458 uxori,
329 408 486 463 posteritasque
496 413 593 450 memori

112 482 160 522 llaee
169 495 255 537 quoque
265 481 409 536 terrasliquid
420 481 483 523 debet
493 481 546 523 mihi
556 481 648 523 nomine
659 481 747 537 magni

141 553 254 609 Conjugi53
264 554 307 596 huc
316 564 389 608 captas
399 553 483 609 adpulit
493 553 527 595 ille
536 555 613 596 hoves:

113 629 151 670 llio
161 629 218 670 male
227 629 329 671 defensus
340 629 436 671 flammis
445 639 466 671 et
476 630 526 677 dote
535 639 625 684 paterna

142 703 211 744 Cacus
219 703 347 745 Aventinam
357 703 460 757 sanguiue
471 702 534 744 tinxit
543 702 646 744 humum.

113 774 144 817 td
154 775 255 831 propiora
264 790 340 818 vocor:
351 776 458 832 populum
468 776 554 832 digessit
563 777 590 818 ab
600 776 667 818 anuis

142 847 258 897 Romulus,
268 848 291 889 in
300 858 371 904 partes
380 849 533 903 distribuitque
542 849 602 890 duas
659 860 663 879 ἱ

115 920 162 961 llaec
171 920 221 961 dare
230 919 357 970 eonsilium,
368 934 464 976 pugnare
473 921 568 976 paratior
576 919 613 962 illa
622 930 669 963 est:

144 995 191 1034 llaee
199 1002 250 1034 aetas
259 993 341 1036 bellum
352 995 439 1045 suadet,
449 1004 472 1037 at
480 993 517 1036 illa
526 993 586 1048 qerit.

114 1064 147 1107 Sic
157 1065 244 1116 statuit,
254 1079 381 1122 mensesque
389 1076 442 1109 nota
451 1067 540 1108 secrevit
549 1067 631 1108 eadem.

142 1139 219 1181 lunius
228 1149 260 1181 est
266 1140 276 1194 j
280 1154 386 1189 uvenum;
396 1141 433 1195 qui
445 1140 486 1182 fuit
495 1149 555 1191 ante,
567 1154 654 1182 senum.
661 1157 674 1178 u

113 1210 182 1253 Dixit:
192 1221 214 1252 et
223 1211 245 1253 in
254 1211 315 1253 litem
324 1213 397 1255 studio
406 1213 529 1255 certaminis
537 1213 612 1265 issent;

142 1286 211 1338 Atque
220 1284 252 1325 ira
261 1285 329 1340 pietas
338 1285 472 1329 dissimulata
483 1286 545 1329 foret.

114 1355 179 1398 Venit
188 1356 297 1412 Apollines
306 1357 381 1413 longas
389 1359 509 1401 Concordia
517 1358 580 1400 lauro

144 1430 204 1470 Nexa
213 1443 297 1479 comas,
308 1430 385 1484 placidi
395 1443 477 1472 numen
487 1444 584 1485 opusque
593 1429 662 1472 ducis.

116 1503 163 1545 flaec
173 1501 212 1543 ubi
221 1503 316 1559 narravit
325 1503 423 1555 Tatium,
434 1503 556 1559 fortemque
565 1503 697 1561 Quirinum,

145 1576 238 1631 uinaque
248 1591 298 1619 cum
308 1577 394 1633 populis
404 1591 468 1634 regna
478 1578 544 1620 coisse
552 1577 608 1628 suis;

115 1653 141 1694 Et
150 1652 201 1692 Lare
211 1653 324 1694 communi
333 1665 417 1709 soceros
427 1665 558 1707 generosque
567 1660 675 1706 receptos;

144 1723 180 1766 llis
190 1738 269 1766 nomen
275 1724 358 1780 junctis
366 1725 454 1775 lunius,
464 1724 546 1780 inquit,
556 1724 629 1766 habet.

116 1799 177 1841 Dicta
185 1798 260 1853 triplex
269 1814 333 1842 causa
343 1811 381 1841 est.
392 1804 418 1842 dt
428 1813 465 1841 vos
474 1798 588 1854 ignoscite,
597 1798 662 1841 dive:

146 1873 187 1915 lies
197 1880 228 1912 est
237 1872 326 1914 arbitrio
335 1885 379 1913 non
389 1872 510 1913 dirimenda
521 1884 576 1912 meo.

115 1948 147 1989 lte
156 1958 217 2001 pares
227 1958 239 1984 a
250 1957 295 1991 me;
305 1943 414 1998 perierunt
420 1943 494 1998 judice
504 1942 580 1985 forme

146 2020 260 2071 Pergama:
271 2015 319 2069 plus
329 2015 421 2067 laedunt,
430 2029 496 2071 quam
503 2014 567 2071 juvet
575 2028 630 2066 une,
640 2014 695 2058 duae.

117 2162 188 2201 Peius
198 2158 242 2201 dies
253 2157 301 2211 tibi,
311 2162 392 2213 Cama,
402 2163 473 2205 datur.
483 2163 526 2204 Dea
535 2144 628 2205 cardinis
637 2160 681 2204 hac
690 2173 732 2207 est,
