1650 2584
106 198 129 226 v.
142 186 192 227 203.
354 185 454 227 tinen
471 185 504 225 11.
708 184 748 226 rut

109 272 164 329 (illa
174 273 233 315 lama
243 271 308 314 refert
317 273 393 315 Fabios
403 272 469 315 exisse
479 282 590 315 trecentos.

140 349 204 388 Porta
214 356 274 407 vacat
284 345 358 401 culpan
369 347 405 387 sed
416 357 488 388 tamen
498 358 562 386 omen
573 344 659 401 habet.)

111 422 141 463 Ut
150 421 213 462 celeri
222 435 286 477 passu
296 422 418 462 Cremeram
429 420 515 475 tetigere
525 432 625 474 rapacem

140 493 264 550 (Turbidus
273 493 368 534 hibernis
378 492 413 533 ille
423 492 504 534 fluebat
513 490 600 547 aquis),

112 570 188 611 Castra
198 568 245 609 loeo
255 578 352 624 ponunt:
363 568 468 610 destrictis
478 568 564 609 ensibus
574 566 613 622 ipsi

141 642 277 699 Tyrrhenum
289 642 358 683 valido
368 645 435 684 Marte
444 656 482 697 per
490 656 568 698 agmen
579 651 644 683 eunt:

109 718 161 758 Nou
171 716 244 766 aliter,
253 730 319 772 quam
329 730 398 772 quum
408 716 485 773 Libyca
495 717 520 758 de
530 729 583 772 rupe
592 715 663 757 leones

141 790 251 833 invadunt
259 804 343 846 sparsos
352 790 395 833 lata
405 804 443 846 per
452 805 501 832 arva
511 804 590 846 greges.

109 861 233 917 Diffugiunt
243 863 325 912 hostes,
335 863 490 917 inhonestaque
500 862 587 923 vulnera
597 872 655 917 tergo

140 934 266 990 Accipiunt:
276 935 360 977 Thusco
370 935 474 989 sanguiue
484 943 539 976 terra
550 935 618 976 rubet.

109 1008 144 1050 Sic
154 1007 245 1055 iterum,
255 1008 285 1049 sie
293 1021 348 1063 sepe
357 1008 445 1050 cadunt.
459 1007 498 1048 b'bi
507 1007 590 1049 vincere
600 1017 671 1062 aperte

139 1082 189 1122 Non
198 1081 273 1132 datur,
283 1081 370 1122 insidias
380 1094 484 1135 armaque
494 1094 548 1122 caeca
558 1090 642 1135 parant.

105 1155 202 1209 Campus
211 1163 270 1214 eret:
280 1154 351 1210 campi
359 1153 490 1195 claudebant
500 1153 577 1195 ultima
587 1152 662 1204 colles,

140 1226 238 1282 Silvaque
247 1239 362 1270 montanas
371 1226 469 1268 occulere
478 1237 527 1282 opta
539 1225 599 1272 teras.

108 1303 134 1344 ln
144 1300 216 1342 medio
226 1313 317 1355 paucos.
327 1309 468 1355 armentaque
480 1314 527 1342 rara
537 1300 672 1356 relinquunt:

138 1376 212 1417 Cetera
223 1373 318 1429 virgultis
327 1373 400 1415 abdita
410 1373 474 1415 turba
484 1373 542 1415 latet.

106 1449 161 1491 Eaece
171 1445 228 1487 velut
239 1455 331 1492 torrens,
342 1445 405 1487 undis
414 1443 545 1500 pluvialibus
555 1454 643 1496 auctus,

137 1524 179 1564 Aut
188 1521 246 1570 nive,
257 1534 304 1575 quae
314 1520 411 1576 Zephyro
421 1520 476 1561 victa
486 1529 571 1575 tepente
581 1519 639 1569 ituit,

108 1598 147 1637 Per
156 1605 202 1636 sata
211 1607 291 1649 perque
301 1593 344 1634 vias
354 1592 432 1643 fertum
444 1606 494 1644 uec,
505 1603 529 1635 ut
539 1603 588 1636 ante
597 1593 689 1644 solebat,

136 1667 240 1722 ttipamm
250 1664 332 1707 clausas
344 1664 440 1718 margine
450 1664 499 1707 finit
507 1678 585 1719 aquas:

105 1740 140 1783 stc
150 1739 209 1782 Fabii
219 1738 266 1780 latis
277 1737 352 1780 vallem
362 1737 495 1780 discursibus
504 1738 605 1794 implent;

136 1816 237 1873 Quosque
247 1811 319 1852 vident
327 1820 442 1866 spernunt,
452 1824 491 1853 nec
501 1821 571 1854 metus
580 1812 634 1854 ulter
643 1812 704 1855 inest.

105 1890 154 1946 Quo
164 1886 236 1934 ruitis.
246 1899 348 1941 generosa
357 1885 448 1927 domus?
458 1885 514 1926 male
522 1886 617 1928 creditur
626 1887 689 1930 hosti.

134 1961 228 2016 Simplex
236 1959 348 2008 nobilitas,
359 1958 441 2013 perfida
451 1959 492 2000 tela
501 1971 562 2001 cave:

104 2036 188 2081 Fraude
197 2035 252 2090 perit
262 2033 335 2076 virtus.
345 2035 369 2074 lo
379 2042 464 2087 apertos
474 2032 568 2088 undique
578 2047 665 2091 campos

134 2107 249 2151 Prosiliuut
257 2106 342 2155 hostes,
351 2113 373 2146 et
382 2104 439 2146 latus
448 2118 514 2146 omne
525 2115 604 2149 tenent.

102 2183 161 2243 Quid
170 2180 251 2225 facient
259 2180 323 2237 pauci
332 2187 408 2222 contra
418 2188 450 2222 tot
458 2178 528 2222 millia
537 2178 616 2223 fortes!
