1650 2584
90 167 157 217 eq.
347 161 481 203 LIBERI.
560 219 563 225 ἡ
693 166 732 217 14⁵

88 250 125 293 Ille
134 248 237 292 Nefastus
246 248 300 297 erit,
309 261 349 304 per
358 261 424 303 quem
434 247 475 290 trin
485 247 551 290 verba
560 246 664 290 silentur:

119 327 195 366 Fastus
205 323 257 372 erit,
267 336 381 379 perquem
391 322 437 377 lege
447 322 520 364 licebit
529 321 570 378 agi.

90 400 139 439 Neu
150 407 196 439 roto
205 407 300 452 perstare
310 397 344 438 die
354 410 393 438 sun
399 396 452 452 jura
462 396 556 452 putaris,

118 471 178 527 Qui
168 485 218 526 Jam
229 473 303 512 fastus
313 471 364 521 erit,
374 484 439 511 mane
450 470 550 512 Nefaslus
560 480 612 513 ernt

89 544 147 585 Nam
157 542 222 584 simul
234 552 283 584 exta
293 545 334 584 Deo
344 543 393 585 dam
403 552 466 590 sunt
476 542 527 584 licet
538 543 612 586 omnia
622 542 699 596 feri5

70 622 73 632 '
120 619 236 672 Verbaque
245 618 364 660 honoratus
374 618 442 659 libera
450 627 530 678 praetor
538 618 609 661 habet

89 692 126 734 Est
134 704 235 746 quoque,
244 704 289 745 quo
299 689 407 746 populum
413 690 451 746 jus
461 700 493 733 est
501 690 611 733 includere
619 692 685 748 septis
693 708 698 734 :

119 767 156 807 Est
164 778 266 819 qunque,
275 764 313 819 qui
322 778 381 806 nono
390 778 476 820 semper
486 766 513 806 ab
523 765 575 807 orbe
585 765 646 808 redit.

89 913 200 954 Vrnnrcrr
209 909 315 951 Ausonias
323 910 415 951 lunonis
425 923 478 952 eura
487 910 605 953 Kalendas:

119 985 194 1028 Idibus
203 984 252 1026 alba
261 985 308 1025 lovi
318 985 421 1039 grandior
430 998 485 1040 aqna
495 986 559 1028 cadit.

89 1062 206 1101 Nonarum
218 1056 285 1100 tutela
294 1059 337 1098 Deo
346 1067 410 1099 carel.
421 1058 527 1100 Omnibus
537 1059 593 1111 istis,

119 1134 167 1190 (Ne
177 1131 252 1175 fallare
262 1133 338 1189 cave),
348 1134 461 1189 proximus
470 1140 519 1177 nter
528 1134 575 1177 erit.

90 1210 160 1251 Omen
169 1208 198 1249 ab
207 1216 287 1249 eventu
296 1219 339 1251 est:
349 1208 391 1249 illis
400 1222 453 1250 nam
462 1212 531 1251 Roma
539 1209 616 1251 diebus

119 1283 204 1323 Damna
214 1281 255 1322 sub
265 1281 354 1323 adverso
364 1281 433 1324 tristia
443 1283 510 1324 Marte
521 1282 577 1325 tulit.

89 1356 138 1398 llaec
149 1353 204 1395 mihi
214 1354 270 1395 dicta
279 1353 359 1396 semel:
371 1354 421 1397 totis
431 1355 533 1398 haerentia
543 1355 620 1408 Fastis,

119 1431 152 1470 Ne
162 1427 240 1470 seriem
251 1441 323 1470 rerum
332 1428 429 1471 scindere
439 1443 510 1485 cogar,
520 1438 591 1472 erunt.

90 1578 146 1619 &cr
157 1573 197 1616 tibi
207 1571 317 1622 faustum,
327 1574 464 1623 Germanice,
474 1575 562 1618 nuntiat
571 1590 666 1631 annum,

121 1653 190 1705 Inque
201 1649 251 1690 men
260 1647 344 1704 primus
354 1648 451 1690 carmine
460 1651 526 1692 lanus
536 1651 602 1693 adest.

90 1728 145 1768 lane
156 1724 241 1780 biceps,
250 1722 302 1765 anni
313 1723 376 1766 tacite
386 1724 478 1767 labentis
487 1724 559 1779 origo,

119 1799 184 1842 Solus
193 1799 220 1839 de
229 1798 315 1852 Superis
325 1799 362 1853 qui
374 1807 411 1841 tua
422 1808 479 1854 terge
490 1799 559 1850 vides,

87 1875 166 1916 Dexter
174 1870 225 1912 ades
234 1870 339 1919 ducibus,
348 1884 444 1925 quorum
454 1885 530 1913 secura
538 1871 612 1915 labore

118 1946 167 1989 Otia
178 1955 235 1988 terra
246 1943 370 1994 ferax,01ia
380 1956 460 2000 pontus
469 1946 519 2000 nqis.

88 2023 168 2064 Dexter
177 2018 228 2060 ades
238 2018 378 2073 Patribusque
390 2020 446 2067 tuis,
454 2019 578 2075 populoque
587 2021 684 2078 Quirini;

118 2096 145 2137 Er
156 2106 225 2134 resera
236 2101 291 2134 nutu
301 2092 392 2134 candida
403 2093 483 2148 templa
494 2104 538 2136 tuo.

87 2172 195 2225 Prospera
204 2166 242 2210 lux
251 2167 333 2210 oritur:
343 2166 466 2224 linguisque
474 2168 596 2224 animisque
605 2167 687 2212 favete:
