1650 2584
74 240 94 267 v.
108 228 159 268 563.
327 228 461 282 ttuttttt.
675 226 719 267 tbb'

74 314 115 357 ttte
123 314 209 356 aditum
219 313 282 356 fracti
291 325 442 370 prestruxerat
451 314 512 358 obice
522 316 614 358 montis:

107 388 148 429 Vix
153 387 209 443 juga
219 387 335 430 movissent
344 389 440 444 quinque
450 389 483 431 bis
493 388 547 430 ittud
556 402 616 443 opus.

75 460 160 502 Nititur
168 459 203 501 hic
212 460 309 502 humeris
318 460 410 515 (coetum
421 475 508 517 quoque
517 461 600 503 sederat
609 458 675 515 iilis),

105 537 131 576 Et
139 544 225 576 vastum
236 543 298 576 motu
307 534 458 578 collabefactat
467 539 529 578 obus.

77 606 142 662 Quod
151 605 217 647 simul
227 604 324 647 evulsum
335 616 377 656 est,
388 606 461 663 fragor
469 608 547 650 ethera
557 607 633 650 terruit
642 606 726 663 ipsum,

106 681 194 734 lotaque
203 679 299 722 subsedit
308 681 402 735 pondere
412 680 476 723 molis
485 682 573 724 humus.

75 751 149 794 Prima
158 760 230 793 movet
239 753 306 794 Cacus
315 752 393 794 coliata
403 753 477 808 proeiiu
486 754 570 806 dextra,

104 828 201 881 Itemque
211 825 270 868 ferox
279 827 333 869 saxis
343 828 494 883 stipitibusque
503 828 563 883 gerit.

75 901 129 958 Quis
139 900 177 941 ubi
187 899 218 941 nit
230 900 311 956 agitur,
321 901 401 956 patrias
411 900 467 942 maie
478 900 538 943 fortis
548 901 576 943 ad
586 911 641 944 artes

103 973 217 1030 Confugit,
228 984 249 1017 et
259 975 358 1017 flammas
367 990 404 1018 ore
413 986 503 1019 sonante
514 976 587 1019 vomit.

74 1049 133 1106 Quas
143 1048 227 1102 quoties
236 1049 325 1104 proflat,
335 1050 417 1104 spirare
427 1050 527 1107 Typhoea
537 1051 620 1101 credas,

104 1124 131 1165 Et
139 1122 239 1178 rapidum
250 1127 328 1166 AEtnaeo
338 1123 412 1179 fulgur
421 1125 448 1166 ah
458 1124 563 1180 ignejaci.

14 1193 22 1208 ⁸
75 1196 173 1249 Occupat
182 1193 276 1237 Alcides:
287 1196 424 1252 adductaque
433 1196 492 1240 clava
502 1196 590 1239 trinodis

104 1268 146 1309 Ter
155 1275 231 1320 quater
240 1268 322 1309 adversi
331 1269 385 1310 sedit
395 1269 417 1310 iu
428 1283 465 1311 ore
474 1269 520 1312 viri.

74 1339 111 1382 lile
121 1339 192 1390 cadit,
202 1340 324 1396 mixtosque
333 1342 401 1385 vomit
410 1357 462 1385 cum
471 1344 575 1399 sanguiue
585 1342 669 1395 fumos,
738 1390 740 1394 ,

102 1414 129 1455 Et
137 1411 183 1454 lato
193 1413 288 1455 moriens
297 1422 381 1470 pectore
391 1414 473 1472 plangit
482 1415 585 1458 humum.

74 1564 179 1604 lurtocar
188 1575 213 1603 ex
223 1560 264 1603 illis
273 1571 361 1604 taurum
372 1564 422 1612 tibi,
431 1565 525 1621 Jupiter,
535 1579 606 1608 unum

104 1637 190 1687 Victor,
200 1646 221 1678 et
231 1637 353 1679 Evandrum
363 1638 509 1695 ruricolasque
518 1649 591 1691 vocat;

72 1710 232 1764 constituitque
241 1710 292 1756 sibi,
302 1725 349 1765 quae
360 1712 451 1754 Maxima
461 1713 551 1763 dicitur,
561 1726 634 1765 uram,

101 1782 139 1824 ttic
150 1782 187 1824 ubi
197 1795 246 1837 pars
256 1782 317 1823 Urbis
327 1783 353 1824 de
363 1784 417 1826 bove
427 1798 506 1827 nornen
516 1785 587 1827 habet.

71 1858 117 1900 Nec
127 1865 183 1899 tacet
193 1856 283 1898 Evandri
293 1867 371 1906 mater,
381 1872 448 1914 prope
458 1869 544 1917 tempus
553 1861 636 1911 adesse,

102 1928 192 1970 Hercule
201 1942 245 1983 quo
256 1928 318 1971 tellus
327 1930 354 1971 sit
362 1931 412 1972 satis
422 1945 461 1972 usa
470 1945 516 1973 suo.

70 2006 98 2048 dt
107 2002 158 2045 felix
169 2011 238 2052 vates,
248 2013 274 2045 ut
283 2004 318 2045 Dis
327 2004 448 2059 gratissima
457 2004 519 2057 vixit,

100 2076 196 2119 Possidet
204 2076 263 2118 bunc
270 2076 319 2118 tani
328 2077 358 2119 sic
367 2078 410 2119 Dea
420 2091 492 2121 meuse
502 2078 567 2122 diem.

71 2228 144 2269 Inuus
154 2223 178 2267 iu
187 2224 261 2280 magui
270 2233 341 2267 castus
349 2224 407 2267 Jovis
417 2225 461 2268 aede
470 2226 569 2268 sacerdot
