1650 2584
110 209 152 262 264
338 208 522 251 FASTORUM
667 225 688 253 v.
702 213 758 268 384.

139 300 197 340 luter
205 297 238 339 bis
249 298 328 353 quinos
338 311 389 340 usus
399 297 482 340 honore
492 297 561 340 Viros.

108 368 172 414 Plura
181 371 275 414 locuturi
284 371 357 413 subito
365 372 492 414 seducimur
501 373 579 414 imbre.

138 443 232 486 Pendula
241 444 334 486 coelestes
344 444 405 485 Libra
417 444 518 487 movebat
527 458 602 500 aquas.

108 518 162 560 dnte
172 526 257 567 tamen,
266 530 332 571 qnam
342 529 431 557 summa
440 516 485 557 dies
495 516 616 572 spectacula
625 517 699 569 sistat,

137 589 220 632 Ensifer
229 589 294 631 Orion
303 603 389 644 aequore
399 603 483 631 mersus
493 590 540 632 erin

108 742 207 781 Pnoxurt
218 737 327 780 victricem
337 751 406 792 quum
417 739 510 780 Romam
520 737 635 792 inspexerit
645 740 698 791 Eos,

137 814 163 854 Et
171 811 254 853 dederit
263 812 341 853 Phoebo
350 811 411 854 stella
421 810 496 865 iugata
505 811 589 861 locum;

108 886 183 930 Circus
192 884 232 927 erit
241 898 321 940 pompe
331 885 422 934 celeber,
432 899 567 940 numeroque
576 887 682 938 Deorum3

138 957 252 1012 Primaque
261 957 353 999 ventosis
364 956 436 1012 palmo
445 966 531 1012 petetur
539 958 607 1013 equis.

109 1031 134 1075 lli
144 1031 224 1074 Cereris
234 1030 292 1073 ludi:
303 1045 348 1073 non
358 1041 389 1074 est
398 1045 453 1087 opus
463 1031 532 1074 indice
542 1047 618 1085 causa;

137 1107 217 1162 Sponte
227 1107 272 1148 lleae
282 1119 364 1148 munus
373 1107 479 1162 promerit
491 1104 494 1115 s
520 1122 562 1163 que
572 1118 651 1163 patent.

108 1180 182 1224 ttessis
191 1190 252 1221 erant
261 1178 337 1235 primis
347 1179 424 1220 virides
434 1120 563 1222 morlaolibus
573 1180 655 1232 terne,

140 1256 198 1312 Quas
208 1252 271 1297 tellus
280 1254 341 1297 nullo
351 1253 418 1296 sollici
423 1233 562 1297 tanteldabat.

107 1333 133 1373 Et
143 1329 209 1372 modo
218 1329 336 1384 carpebant
345 1328 411 1371 vivaci
422 1329 500 1385 cespite
510 1334 615 1385 gramem'

138 1404 202 1445 Nunc
211 1401 279 1457 epnlae
290 1411 361 1443 tenera
373 1400 449 1443 fronde
458 1416 562 1444 cacumen
573 1410 641 1445 erant.

110 1475 226 1519 Postmodo
236 1474 296 1530 glans
306 1485 356 1516 nata
366 1484 403 1516 est.
414 1470 469 1516 Bene
479 1484 524 1515 erat
532 1474 580 1530 jam
590 1473 668 1529 glande
679 1489 781 1534 reperta3

137 1550 238 1603 Dumque
248 1546 373 1601 magnificas
382 1560 475 1601 quercus
486 1546 579 1588 habebat
589 1560 646 1602 opes.

106 1622 178 1666 Prima
187 1624 248 1665 Ceres
258 1620 354 1670 homini,
364 1620 391 1662 ad
402 1620 492 1662 meliora
501 1619 606 1663 alimenta
614 1632 705 1675 vocato,

136 1696 227 1739 Mutavit
236 1694 323 1750 glandes
334 1694 419 1737 utiliore
428 1695 484 1736 cibo.

106 1771 146 1815 ltta
152 1771 207 1827 jugo
217 1779 290 1813 tauros
300 1769 380 1811 collum
392 1770 486 1825 praebere
495 1768 578 1824 coegit:

136 1847 193 1888 Tum
203 1844 299 1899 primum
310 1843 364 1883 soles
373 1853 435 1884 eruta
446 1842 497 1884 vidit
506 1842 596 1885 burnus.

109 1922 143 1962 Es
152 1928 198 1960 erat
207 1918 229 1958 in
240 1916 321 1972 pretio:
331 1915 442 1972 chalybeia
452 1930 520 1957 massa
531 1916 619 1958 latebat.

138 1992 195 2034 ileu!
205 2004 272 2045 quam
282 1999 386 2045 perpetuo
395 1989 471 2030 debuit
480 1989 516 2031 illa
526 1989 579 2044 tegi!

110 2070 163 2110 Pace
172 2068 233 2107 Ceres
244 2064 291 2106 laeta
300 2073 337 2106 est.
348 2069 374 2106 tt
383 2077 421 2105 vos
430 2074 514 2120 optate,
524 2063 607 2114 coloni,

140 2140 267 2192 Perpetuam
276 2150 363 2191 pacem.
374 2146 547 2192 perpetuumque
557 2138 645 2179 Ducem.

111 2213 176 2255 Furta
184 2213 242 2262 Deae,
252 2210 356 2267 micaeque
365 2209 416 2253 licet
424 2210 520 2254 salieutis
528 2211 636 2255 honorem
