1650 2584
85 190 106 221 v.
118 179 169 223 666.
341 181 441 223 61666
457 182 474 223 1.
685 182 725 236 169

114 270 185 310 Omne
195 267 322 311 reformidat
330 267 408 325 frigida
417 269 496 312 vulnus
504 269 593 312 humus.

83 340 172 390 villice,
182 342 210 383 da
220 342 316 396 requiem
326 351 398 393 terre,
407 352 503 385 semente
513 351 610 399 peracta:

115 415 146 455 Da
157 414 264 468 requiem,
275 424 354 456 terram
363 416 401 470 qui
410 416 507 467 coluere,
517 417 574 458 viris.

84 488 155 543 Pagus
164 497 214 543 agat
224 486 316 531 festum:
327 503 407 544 pagum
418 490 517 541 lustrate,
527 490 609 542 coloni,

114 562 140 603 Et
150 562 199 603 date
209 562 297 617 paganis
307 576 379 604 annua
389 563 434 605 liba
443 563 503 605 locis.

82 633 199 677 Placentur
209 645 288 678 matres
297 634 398 691 frugum,
407 636 533 691 Tellusque,
542 639 657 693 Ceresque,

112 709 177 749 Farre
186 721 237 756 suo,
247 708 338 764 gravidae
347 709 505 764 visceribusque
514 710 565 753 suis.

83 779 188 823 Officium
197 795 315 823 commune
324 784 385 824 Ceres
394 793 416 825 et
424 784 489 825 Terra
498 793 597 826 tuentur:

113 857 162 897 flaec
171 857 251 911 praebet
260 870 349 902 causam
359 857 469 913 frugibus,
479 856 516 899 illa
526 857 606 900 locum.

81 930 198 972 Consortes
207 943 310 985 operum,
319 944 358 986 per
366 944 420 985 quas
430 940 525 973 correcta
535 940 638 982 vetustas,

112 1005 242 1060 Queruaque
252 1004 312 1060 glans
322 1005 377 1047 victa
388 1014 420 1047 est
429 1004 515 1047 utiliore
524 1004 583 1056 cibo,

77 1078 188 1134 Frugibus
198 1079 309 1120 immensis
319 1079 392 1121 avidos
402 1079 478 1121 satiate
488 1079 586 1130 colonos,

111 1153 140 1194 Ut
148 1152 235 1207 capiant
244 1152 315 1194 cultus
324 1153 413 1208 praemia
422 1153 486 1207 digna
495 1153 536 1195 sui.

80 1227 127 1268 Vos
137 1226 186 1267 date
196 1236 310 1281 perpetuos
321 1226 398 1268 teneris
407 1225 541 1268 sementibus
549 1235 636 1277 auctus;

109 1301 155 1342 1166
164 1313 219 1341 nova
228 1313 266 1356 per
275 1299 354 1355 gelidas
363 1300 430 1342 herba
440 1300 467 1342 sit
477 1310 525 1342 usta
534 1295 600 1342 nites.¹

78 1377 155 1433 Quum
165 1374 267 1422 serimus,
277 1374 356 1417 coelum
366 1374 434 1416 ventis
444 1374 524 1429 aperite
533 1374 622 1416 serenis:

108 1447 182 1505 Quium
194 1446 256 1494 latet,
266 1447 357 1489 aetherea
367 1447 459 1502 spargite
469 1461 541 1489 semen
552 1461 615 1502 aqua.

76 1523 137 1563 11666
146 1532 219 1575 graves
228 1520 291 1562 cultis
298 1519 392 1563 Cerealia
401 1521 458 1561 dona
467 1530 538 1563 cavete

109 1594 200 1650 Agmine
208 1594 285 1636 laesuro
295 1593 454 1650 depopulentur
463 1608 516 1636 aves.

79 1670 124 1712 Vos
133 1681 220 1723 quoque
229 1667 343 1723 subjectis.
355 1667 463 1716 formicae,
473 1667 553 1723 parcite
562 1668 644 1724 granis:

109 1746 158 1785 Post
167 1757 258 1784 messem
269 1743 345 1798 prredae
355 1742 417 1797 copia
427 1742 498 1797 major
507 1742 553 1784 erit.

77 1819 162 1859 Interea
173 1827 253 1858 crescat
262 1817 342 1857 scabrae
352 1815 457 1870 rubiginis
467 1829 550 1870 expers,
618 1815 623 1826 ’

108 1889 152 1930 1166
163 1888 214 1930 vitio
224 1888 270 1930 coeli
281 1887 358 1943 palleat
367 1902 423 1943 aegra
433 1902 501 1944 seges,

78 1964 104 2005 Et
114 1976 183 2016 neque
192 1962 277 2003 deficiat
287 1961 366 2008 macie,
377 1975 446 2016 neque
455 1961 556 2018 pinguior
564 1975 625 2018 aequo

107 2036 189 2078 Divitiis
198 2046 271 2091 pereat
280 2035 390 2077 luxuriosa
398 2035 449 2076 suis.

77 2113 104 2155 lit
113 2120 200 2153 careant
210 2110 275 2159 loliis,
286 2109 359 2152 oculos
372 2109 507 2160 vitiantibus,
516 2111 572 2168 agri,

108 2186 153 2226 Nec
162 2183 238 2227 sterilis
248 2183 307 2228 culto
316 2192 390 2241 surgat
399 2198 466 2227 avena
475 2184 528 2228 solo.
