1650 2584
66 198 145 250 Vv1l7ss·
231 195 387 238 REMEDIA
405 195 541 238 Amoris,
667 206 704 236 rae

92 286 128 327 Sin
139 285 225 334 miuus;
236 284 355 341 imperium
365 284 445 328 sentiat
453 283 488 325 ille
498 296 578 325 meum.

66 358 127 413 Quod
136 358 154 399 si
162 357 214 412 quis
223 360 319 400 vestrum
331 356 416 399 iactum
426 357 467 397 boc
477 357 572 407 incusat,
581 355 665 406 Achivi3

92 433 127 473 est
136 431 220 486 aliquid
231 430 301 472 valida
310 440 395 486 sceptra
405 440 477 472 tenere
488 443 562 471 manu.

66 504 132 554 Nam,
142 504 161 546 si
171 518 208 546 rex
217 518 257 559 epo
266 518 329 552 sum,
339 517 379 545 uec
389 516 476 545 mecum
486 503 580 545 dormiet
590 502 637 554 illa,

93 580 117 620 ln
129 592 179 619 mea
188 577 297 620 Thersites
307 590 372 632 regua
381 575 455 619 licebit
463 587 504 619 eet

65 652 129 702 niue
139 663 162 695 et
171 653 229 694 banc
239 652 318 696 habuit
326 651 402 695 solatia
413 665 492 707 magua
502 651 592 708 prioris:

93 727 119 768 Et
127 725 189 782 prior
198 735 230 768 est
239 737 292 767 cura
301 738 355 767 cura
364 724 448 779 sepulta
458 738 519 766 nova.

65 802 118 856 Ergo
127 802 220 843 adsume
230 814 308 850 novas,
318 810 406 842 auctore
416 802 588 855 Agamemnone,
599 800 714 850 dammam

95 877 121 916 Ut
131 885 183 916 tuus
193 874 215 915 in
227 873 285 916 bivio
294 873 424 916 distineatur
432 887 502 916 amor.

66 948 158 1003 Quaeris.
170 948 208 989 ubi
218 947 327 989 invenias?
336 952 407 998 Artes,
417 947 435 997 i,
445 947 529 1003 perlege
538 956 630 991 nostras.

95 1022 160 1063 Plena
170 1020 293 1077 puellarum
301 1021 350 1077 jam
360 1021 400 1063 tibi
410 1021 470 1063 navis
481 1031 522 1063 eat.

66 1096 128 1153 Quod
138 1095 157 1136 si
167 1095 220 1149 quid
230 1106 337 1150 precepta
346 1094 417 1138 valent
427 1109 487 1146 mea,
496 1095 514 1137 si
523 1095 577 1151 quid
586 1094 665 1151 Apollo

96 1169 152 1211 Utile
163 1169 266 1211 mortales
275 1170 376 1224 perdocet
385 1183 422 1211 ore
432 1183 493 1220 mem

67 1243 173 1298 Quamvis
182 1242 257 1284 infelix
268 1242 339 1284 media
349 1243 463 1285 torreberis
472 1246 543 1293 AEtnu‚

98 1317 204 1372 Frigidior
212 1316 279 1371 glacie
289 1315 323 1358 fac
333 1315 417 1358 videare
428 1327 476 1359 tuae.

69 1391 94 1433 Et
103 1403 183 1432 sanum
193 1388 284 1438 simula3
295 1401 334 1440 ue,
343 1390 360 1431 si
371 1389 424 1444 quid
434 1388 490 1431 forte
499 1388 594 1440 dolebis,

97 1462 194 1505 Sentiat:
205 1472 226 1504 et
236 1462 293 1512 ride,
302 1476 372 1517 quum
383 1462 422 1504 tibi
432 1462 516 1505 flendus
526 1462 574 1505 eris.

69 1538 119 1579 Non
128 1551 169 1592 ego
179 1547 199 1578 te
205 1536 275 1592 jubeo
286 1536 367 1578 medias
376 1537 507 1592 abrumpere
517 1551 594 1579 curas:

99 1612 149 1652 Non
158 1622 211 1653 sunt
220 1610 306 1666 imperii
317 1619 362 1651 tam
373 1608 418 1651 fera
425 1609 478 1665 jura
488 1610 537 1653 mei.

69 1686 132 1745 Quod
142 1699 186 1727 nou
197 1699 230 1734 es,
240 1683 330 1732 simula;
340 1685 464 1740 positosque
473 1684 559 1727 imitare
569 1684 670 1729 furores:

99 1760 133 1802 Sic
143 1758 209 1802 facies
219 1772 279 1809 vere,
288 1759 347 1814 quod
358 1759 475 1801 meditatus
485 1759 533 1801 eris.

69 1834 129 1890 &epe
138 1847 178 1889 ego
187 1847 215 1876 ne
225 1833 334 1882 biberem,
344 1832 402 1874 volui
412 1832 508 1874 dormire
518 1832 598 1876 videri:

100 1910 158 1950 llum
168 1907 249 1956 videor,
258 1919 337 1948 somno
346 1906 431 1948 lumina
441 1906 495 1948 victa
504 1906 560 1949 dedi.

71 1983 190 2037 Deceptum
201 1980 250 2031 risi,
260 1980 297 2036 qui
306 1994 329 2021 se
338 1979 456 2022 simulabat
465 1993 550 2031 amare;

103 2058 128 2096 ln
136 2054 226 2109 laqueos
235 2067 314 2109 auceps
324 2053 474 2108 decideratque
483 2066 541 2094 suos.

72 2130 141 2171 latrat
150 2141 214 2169 amor
224 2136 308 2169 mentes
319 2140 374 2168 usu:
385 2125 502 2168 dediscitur
512 2140 559 2168 usu.

102 2202 145 2257 Qui
154 2201 235 2258 poterit
244 2214 324 2243 mum
334 2199 426 2255 fingere,
435 2212 501 2241 sanus
510 2199 558 2240 erit.
