1650 2584
98 143 119 172 v.
132 142 181 172 που.
347 130 446 172 ussit
465 130 491 172 V.
694 146 735 188 ²97

128 219 169 260 Sed
179 231 282 274 generum
292 218 356 260 matri
366 219 446 274 reperit
454 219 490 261 illa
498 221 574 261 Deunn

99 294 144 333 Ver
154 302 212 334 erat:
222 293 328 333 errabam.
339 292 449 348 Zephyrus
459 294 580 348 conspexit:
590 294 684 336 abibam.

129 365 265 420 Insequitur:
275 365 342 420 fugio.
352 365 436 407 Fortior
445 364 480 406 ille
489 364 538 408 fuit.

100 442 128 482 lit
136 439 225 481 dederat
233 438 296 480 fratri
305 440 380 480 Boreas
385 438 424 493 jus
433 450 498 480 omne
508 438 599 493 rapine,

130 517 200 554 husus
209 512 325 555 Erechthea
335 512 424 567 praemia
433 510 489 553 ferre
497 512 570 553 domo.

101 585 153 626 Vim
164 594 237 626 tamen
246 585 348 626 emendat
356 584 430 625 dando
439 584 493 625 rnihi
503 584 593 626 uomina
601 594 687 640 nuptae:

131 660 199 712 litque
208 671 257 699 meo
267 671 311 699 uon
321 666 353 699 est
362 656 406 699 ulla
416 655 501 711 querela
513 666 567 699 toro.

102 734 158 774 Vere
167 731 229 775 fruor
237 745 334 787 semper:
344 746 383 787 per
391 745 428 774 ms
437 731 579 774 nitidissimus
588 745 671 774 annus:

131 808 201 849 hrbor
209 806 275 848 habet
283 806 382 855 frondes.
392 805 472 862 pabula
481 819 566 861 semper
575 806 662 848 humus.

101 885 138 925 Fst
148 883 202 927 mihi
212 881 317 925 fecundus
326 882 435 935 dotalibus
444 882 520 924 hortus
530 882 552 923 in
561 881 617 937 agris
626 899 629 922 :

132 959 189 999 bura
199 955 266 1004 loven
276 956 361 1011 liquide
370 956 431 998 fonte
442 956 524 1011 rigatur
533 969 601 1010 aquae.

101 1032 165 1072 Hunc
175 1043 236 1070 rneus
245 1029 342 1084 implevit
350 1042 454 1084 generoso
464 1028 516 1071 [lore
525 1029 629 1071 maritus:

132 1107 201 1157 Atque
210 1103 251 1151 ait,
259 1102 378 1145 Arbitrium
389 1112 424 1149 tu,
434 1104 488 1151 Des,
498 1102 556 1144 lloris
565 1102 628 1143 habe.

101 1178 162 1231 sape
171 1188 211 1230 ego
220 1175 312 1230 digestos
322 1174 380 1217 volui
390 1189 506 1218 numerare
514 1174 607 1225 colorsst

133 1250 178 1290 Nec
187 1248 248 1303 potui
257 1264 262 1288 :
272 1261 365 1289 numero
374 1247 436 1303 copia
446 1247 517 1303 major
526 1256 578 1291 erat.

102 1322 194 1367 Roscida
202 1336 272 1377 quum
282 1322 378 1377 primum
389 1321 447 1363 toliis
455 1335 544 1367 extrusa
553 1320 631 1376 pruina
640 1331 682 1371 est,

133 1399 159 1438 Et
168 1396 230 1438 rsriae
240 1394 304 1437 radiis
312 1394 424 1449 intepuere
433 1408 511 1445 conisa

103 1472 241 1515 Conveniunt
249 1469 311 1525 pictis
321 1469 419 1511 incincta
429 1469 523 1511 vestibus
532 1472 604 1520 llorae,

133 1549 201 1601 inque
210 1545 265 1587 leves
273 1543 370 1586 calathos
381 1557 473 1586 munera
481 1554 555 1587 nostra
563 1544 644 1601 legunt.

103 1620 204 1663 Protinus
213 1617 320 1673 arripiunt
329 1617 436 1668 Charites,
446 1627 578 1674 nectuntque
588 1631 689 1668 coronas.

134 1697 236 1749 Sertaque
245 1692 339 1734 coelestes
348 1691 481 1748 implicitura
491 1676 571 1735 comas.

103 1769 176 1812 Prima
186 1780 224 1823 per
233 1767 350 1808 immensas
359 1765 427 1821 sparsi
437 1778 493 1808 nova
502 1766 586 1808 semins
595 1776 674 1822 gentes.

133 1842 201 1885 Unius
212 1840 274 1883 tellus
283 1850 333 1882 ante
342 1840 420 1882 coloris
428 1850 481 1883 erat.

104 1918 176 1961 Prima
186 1916 317 1970 Therapnas
327 1914 367 1957 feci
376 1915 403 1957 de
412 1914 517 1971 sanguiue
526 1914 615 1957 florem:

134 1994 159 2034 Et
169 1999 244 2031 manet
253 1989 274 2029 in
285 1987 338 2029 totio
346 1988 427 2043 scripta
435 1988 522 2044 querela
531 2003 577 2032 suo.

64 2094 66 2099 -
104 2069 138 2109 Tu
147 2077 235 2119 quoque
244 2075 325 2104 nomen
334 2062 400 2105 babes
409 2061 489 2112 cultos,
500 2063 607 2115 Narcisso,
618 2076 656 2119 per
666 2062 752 2105 hortos:

133 2137 221 2187 infelix,
231 2137 290 2193 quod
299 2148 343 2179 uon
353 2137 408 2180 ulter
417 2147 438 2179 et
447 2137 501 2180 alter
509 2139 566 2180 eres!
