1650 2584
121 192 146 234 16
286 191 386 234 dllTlS
403 190 589 234 AMATonln
675 193 759 237 Μὸὅ.

116 280 154 323 llle
163 280 251 337 quidem
261 294 343 336 pennas
352 280 454 323 velociter
462 280 544 323 excutit
553 281 608 322 udas
617 294 622 319 :

146 357 186 398 Sed
196 365 269 398 umen
279 365 301 398 et
309 356 380 412 spargi
388 366 464 411 pectus
473 369 549 398 amore
558 366 630 399 nocet.

116 430 173 472 Vina
182 438 261 485 parant
269 430 365 481 animos,
376 428 503 485 faciuntque
512 428 622 471 caloribus
630 438 693 484 aptos
702 445 707 469 :

145 505 202 546 Cura
211 502 268 558 fugit
277 503 347 546 multo
356 502 491 557 diluiturque
500 515 568 543 mero.

116 577 178 618 'lunc
187 576 276 618 veniunt
286 575 351 625 risus;
361 585 413 617 tunc
423 587 507 629 pauper
515 587 597 616 cornua
607 573 690 616 sumit:

145 650 206 691 'lunc
215 647 277 690 dolor
286 657 308 690 et
316 661 384 696 curu.
394 660 491 702 rugaque
500 645 578 689 frontis
587 646 641 689 anit.

116 721 178 763 Tunc
188 720 257 776 aperit
266 729 361 769 mentes,
371 733 416 760 aevo
426 717 536 760 ransdma
545 727 633 769 nostro,

146 793 285 850 Simplicitas;
295 803 351 835 artes
361 793 482 835 excutiente
491 794 541 833 Deo.

115 869 161 911 lllic
170 883 225 925 sepe
233 868 318 910 animos
324 867 433 922 juvenum
444 880 534 922 rapuere
544 865 633 922 puelle:

146 945 171 986 Et
181 945 254 985 Venus
263 943 285 984 in
295 942 360 994 vinis,
370 941 425 997 ignis
435 942 457 983 in
467 944 516 997 igne
526 940 576 984 fuit.

117 1019 154 1061 llic
164 1028 189 1060 tu
199 1017 269 1059 fallaci
280 1017 374 1058 nimium
385 1029 412 1058 ne
423 1017 485 1058 crede
495 1016 595 1058 lucernre.

144 1093 155 1133 J
158 1089 229 1132 udicio
238 1088 314 1132 formas
323 1103 408 1145 noxque
419 1103 549 1144 merumque
557 1099 644 1133 nocent.

116 1166 172 1207 Luce
181 1166 234 1206 Dens
243 1163 339 1219 coeloque
349 1163 407 1205 Paris
416 1162 519 1218 spectavit
528 1172 615 1219 aperto;

145 1238 218 1294 Quum
228 1236 282 1279 dixit
292 1236 380 1286 Veneri,
391 1235 464 1278 Vincis
474 1246 602 1290 utramque,
613 1238 697 1280 Venus.

115 1311 184 1353 Nocte
194 1309 261 1352 latent
271 1309 365 1359 mendae,
375 1307 470 1364 vitioque
479 1308 598 1363 ignoscitur
607 1309 683 1351 ornni:

145 1387 244 1441 floreque
253 1383 373 1426 formosam
383 1383 505 1440 quamlibet
514 1383 551 1425 illo
562 1383 620 1426 facit.

118 1457 210 1500 Consule
220 1459 246 1499 de
256 1456 359 1513 gemmis,
368 1457 395 1499 de
406 1457 474 1499 tincta
484 1456 568 1499 murice
576 1456 636 1508 lans3

147 1532 239 1576 Consule
248 1534 275 1576 de
285 1533 339 1576 lucie
349 1533 521 1589 corporibusque
531 1533 598 1575 diem.

116 1608 172 1667 Quid
181 1607 221 1650 tibi
232 1607 338 1649 femineos
345 1617 425 1657 coetus,
435 1608 549 1650 venatibus
558 1616 632 1662 aptos,

145 1683 288 1724 Enumereml
296 1693 389 1723 numero
398 1681 459 1722 cedet
467 1693 534 1722 crena
543 1693 600 1721 meo.

116 1754 173 1810 Quid
183 1752 275 1794 referam
286 1752 356 1804 daim,
365 1761 511 1808 praetextuque
520 1751 582 1795 litora
593 1753 657 1805 velis,

144 1831 181 1880 Et,
190 1842 238 1885 quie
247 1829 274 1870 de
283 1827 353 1870 calido
362 1828 447 1871 sulfure
456 1827 539 1879 fumat,
549 1834 643 1883 squam!

116 1901 170 1945 llinc
179 1900 256 1956 aliquis
266 1899 345 1942 vulnus
355 1899 450 1942 referens
458 1900 481 1942 in
491 1910 589 1956 pectore,
598 1901 665 1944 dixit:

147 1978 196 2018 Non
206 1975 263 2025 hec,
274 1984 299 2016 nt
309 1974 369 2017 fama
379 1986 422 2025 est,
433 1976 491 2017 unda
501 1974 595 2018 salubris
604 1988 658 2020 erat.

117 2050 170 2092 Ecce
179 2048 310 2090 suburbanus
320 2047 427 2103 templum
437 2046 548 2090 nemorale
557 2047 641 2100 Diana,

146 2124 250 2176 Partaque
259 2133 298 2176 per
307 2120 389 2176 gladios
398 2135 464 2177 regna
474 2130 565 2165 nocente
574 2135 651 2164 monn.

117 2195 155 2238 llls
165 2195 224 2251 quod
233 2204 265 2236 est
274 2181 344 2249 virgo,
354 2196 414 2250 quod
425 2194 466 2239 tela
474 2195 587 2252 Cupidinis
596 2196 657 2248 odit,
