1650 2584
131 165 173 218 348
267 194 269 197 .
358 165 541 215 FASTORUM
694 167 777 222 unqu

161 246 239 308 Estque
248 255 289 296 sub
299 253 390 296 inventis
400 254 446 297 haec
455 268 543 309 quoque
552 254 620 303 turbs
629 255 695 298 meis.

132 327 203 370 Prima
213 330 319 372 terebrato
328 343 366 385 per
376 343 424 371 rare
433 328 542 371 foramina
551 330 624 382 buxo,

163 402 189 442 Ut
198 402 269 449 daret.
279 401 354 451 effeci,
364 401 418 444 tibia
426 402 491 458 longe
501 415 573 444 sonos.

132 473 180 516 Vox
189 474 281 530 placuit;
292 475 378 532 liquidis
387 475 466 518 facicm
476 474 622 518 referentibus
631 476 715 527 undis,

162 546 212 589 Vidi
221 547 326 603 virgineas
335 548 465 591 intumuisse
474 561 545 603 genas.

133 620 171 661 Ars
181 620 235 662 mihi
246 635 290 663 non
300 623 353 664 uun
364 631 406 671 est;
417 621 498 671 valeas,
507 635 557 663 mee
567 621 633 672 tibia,
642 621 699 664 dixi.

163 693 244 749 Excipit
254 694 361 750 abjectum
371 694 450 751 cespite
459 695 506 751 ripa
515 709 562 737 suo.

134 769 245 811 lnventsrn
256 772 343 827 Satyrus
352 770 450 826 primum
460 754 565 820 miratum
575 779 598 812 et
607 783 679 813 usum

164 843 247 893 Nescit.
256 854 279 886 et
287 845 385 887 inflatam
395 844 460 886 sentit
469 844 549 886 habere
557 857 646 885 sonum.

135 915 161 957 Et
171 917 236 957 modo
245 917 338 960 dimittit
345 917 427 973 digitis,
438 918 504 959 modo
514 915 610 971 concipit
619 929 688 959 aures
698 931 703 956 :

164 987 256 1044 Jamque
265 989 322 1031 intcr
331 990 443 1046 Nymplrus
452 1001 498 1031 erte
507 989 614 1044 superbus
624 999 681 1031 orat.
691 982 695 993 '

137 1061 240 1104 Provocat
248 1074 270 1104 et
279 1063 383 1105 Phoebum
392 1080 396 1104 :
407 1062 486 1105 Phoebo
495 1071 622 1118 superante,
632 1063 759 1119 pependit:

164 1135 221 1176 Caesa
232 1145 384 1179 recesserunta
394 1146 443 1179 cute
453 1136 552 1178 membra
561 1149 607 1178 sua.

138 1207 190 1249 Sum
201 1217 275 1250 tumen
284 1209 391 1252 inventrix
400 1218 519 1265 auctorque
528 1222 567 1265 epo
577 1208 685 1253 carminis
695 1210 778 1267 hujus:

168 1283 211 1325 lloc
220 1293 253 1326 est
261 1297 301 1326 cur
309 1294 393 1326 nostros
403 1298 438 1326 ors
447 1283 505 1326 colat
513 1283 554 1325 ists
561 1282 614 1325 dies.
621 1298 633 1321 n

138 1431 218 1472 Trrrrr
229 1429 265 1473 lux
275 1429 356 1480 veniat,
365 1445 409 1486 qua
421 1441 455 1481 tu,
465 1429 548 1472 Dodoni
557 1429 657 1486 Thpene,

167 1504 237 1546 Stabis
247 1505 349 1560 Agenorei
359 1505 431 1548 fronte
440 1504 532 1547 videndo
541 1503 608 1546 bovis.

138 1579 185 1621 llaec
195 1588 226 1621 est
235 1577 270 1621 illa
279 1579 336 1625 dies,
345 1592 389 1634 qua
400 1588 424 1621 tu
432 1577 563 1634 purgamine
572 1578 655 1627 Vestte,

168 1651 239 1702 Tibri,
247 1665 286 1708 per
294 1654 393 1694 Etruscas
402 1651 424 1693 in
435 1665 496 1693 mare
504 1649 573 1693 mittis
583 1663 659 1705 equus.

140 1723 215 1779 Siqua
224 1723 277 1766 fides
286 1724 365 1773 ventis,
374 1724 473 1781 Zephyro
482 1723 531 1766 dete
540 1722 641 1773 carbasa,
651 1733 745 1767 nantte:

169 1797 221 1838 Cras
229 1795 300 1838 veniet
309 1797 429 1856 vestrislille
437 1796 545 1839 secundus
553 1795 623 1851 equis.

140 1867 167 1908 At
175 1877 236 1920 puter
246 1868 359 1911 Heliadum
369 1870 441 1912 radios
452 1869 489 1911 ubi
500 1869 540 1912 tin.
548 1870 587 1911 ⁹rit
596 1868 675 1921 undis,

167 1939 193 1978 Et
201 1938 273 1994 cinget
281 1942 378 1995 geminos
386 1942 448 1984 stella
457 1956 533 1985 serena
542 1941 615 1996 polos;

139 2008 208 2051 Tollet
216 2010 285 2053 humo
294 2013 375 2057 validos
384 2014 456 2071 proles
465 2015 541 2072 Hyries
551 2014 656 2058 lacertos:

167 2081 276 2126 continua
285 2085 375 2141 Delphin
384 2097 449 2130 nocte
458 2087 564 2131 ridendus
573 2087 621 2130 erit.

139 2150 222 2195 Scilicet
231 2154 266 2197 hic
275 2155 328 2199 olim
338 2159 427 2203 Volscos
436 2163 557 2217 AEquosque
566 2160 653 2217 fugatos
