1650 2584
97 229 137 281 rtt
319 207 501 258 rasronuu
530 193 549 214 ⁸
664 210 736 238 ιη.

122 313 192 357 Civica
201 300 240 366 pro
250 305 337 362 trepidis
347 314 418 359 quum
429 296 479 340 tuiit
488 305 550 335 arma
560 289 607 331 reis.

94 390 178 433 Scimus
187 396 219 434 et.
230 385 257 425 ad
267 392 351 424 nostras
361 388 431 432 quum
441 385 463 414 se
474 368 525 412 tulit
534 367 628 421 impetus
638 369 709 410 artes,

125 460 206 517 Ingenii
216 464 305 501 currant
314 452 407 496 ilumiua
417 454 498 504 quauta
509 441 547 485 tui.

97 538 118 580 Si
128 536 188 583 iicet,
198 543 219 575 et
229 531 261 573 fas
271 539 314 578 est,
323 536 381 568 vates
392 534 440 576 rege
450 517 503 560 vatis
513 514 621 556 habenas:
648 517 651 525 ·

126 607 217 663 Auspice
226 615 246 647 te
257 602 307 644 felix
316 608 374 642 totus
383 605 409 637 ut
418 604 488 635 annus
498 598 539 630 eat.

101 758 206 799 Turoni
216 750 321 804 digereret
329 755 399 799 quum
409 736 509 781 conditor
518 731 593 781 Urbis,
602 728 625 769 in
636 739 698 768 anno

129 823 245 871 Constituit
255 832 339 863 menses
348 815 445 872 quinque
455 809 488 852 bis
497 820 542 849 esse
551 817 598 848 suo.

67 962 69 964 -
101 899 184 943 Scilicet
193 908 254 939 arma
263 891 343 947 magis,
352 900 420 943 quam
431 884 511 931 sidera,
520 875 623 926 Romule,
633 885 701 916 noras
710 886 714 911 :

131 976 230 1027 Curaque
239 966 344 1010 finitimos
354 962 439 1005 vincere
448 956 520 1013 major
529 962 582 995 erat.

102 1050 138 1091 Est
149 1058 221 1090 tamen
231 1053 252 1085 et
262 1040 328 1087 ratio,
337 1040 412 1083 Caesar,
422 1046 470 1088 quae
482 1026 574 1071 moverit
583 1023 660 1066 ilium:

133 1124 275 1171 Erroremque
284 1125 350 1157 suum
360 1123 404 1165 quo
414 1115 508 1154 tueatur,
519 1101 591 1144 habet.

104 1196 168 1253 Quod
177 1192 228 1235 satis
237 1199 279 1238 est,
289 1197 350 1229 utero
361 1181 438 1225 matris
447 1180 500 1221 dum
510 1174 601 1232 prodeat
610 1168 697 1218 infans,

135 1272 179 1312 iioc
189 1279 247 1308 anno
256 1261 331 1305 statuit
342 1255 445 1313 temporis
454 1263 501 1295 esse
506 1248 566 1293 satis.

108 1347 147 1388 Per
157 1340 247 1384 totidem
258 1347 341 1377 menses
350 1346 364 1373 a
373 1330 450 1372 funere
459 1322 559 1381 conjugis
569 1331 624 1363 uuor

137 1413 231 1459 Sustinet
240 1411 263 1452 iu
272 1393 337 1450 vidua
346 1403 416 1448 tristia
424 1402 485 1456 signa
494 1398 568 1440 domo.

110 1493 154 1534 iioc
163 1487 229 1544 igitur
238 1482 292 1525 vidit
301 1476 392 1523 trabeati
402 1487 455 1517 cura
464 1468 561 1529 Quirini,

136 1564 213 1621 ,Quum
224 1555 314 1599 rudibus
323 1548 409 1608 populis
418 1558 492 1589 annua
498 1542 550 1598 jura
560 1540 628 1581 daret.

111 1634 185 1680 Martis
194 1640 241 1674 erat
250 1628 334 1685 primus
343 1620 434 1669 mensis,
444 1614 575 1669 Venerisque
584 1608 703 1653 secundus.

140 1712 188 1753 flaec
198 1695 400 1762 generis'princeps,
410 1692 478 1750 ipsius
487 1689 522 1731 iiie
532 1697 599 1744 pater.

111 1783 196 1829 Tertius
205 1794 218 1822 a
227 1777 328 1824 Senibus,
336 1776 446 1815 Juvenum
455 1767 481 1808 de
491 1762 580 1806 nomine
589 1766 696 1814 quartus:

142 1861 193 1916 Quae
203 1852 308 1908 sequitur.
318 1858 411 1890 numero
423 1842 487 1885 turba
497 1845 572 1880 notata
581 1833 632 1876 fuit.

115 1933 224 1980 ntNuma
233 1940 273 1968 nec
283 1927 376 1970 lanum,
386 1932 425 1961 nec
435 1915 502 1959 avitas
512 1909 607 1968 praeterit
616 1906 719 1956 umbrns5

145 2001 255 2048 mensibus
264 1996 358 2053 antiquis
369 1991 512 2050 adposuitque
521 1988 583 2030 duos.

120 2157 155 2198 Nn
165 2162 238 2195 tamen
247 2147 332 2203 ignores
342 2144 452 2187 variorum
460 2141 513 2197 jura
522 2136 622 2180 dierum:

149 2227 200 2268 Nou
209 2221 275 2264 habet
284 2217 353 2262 officii
361 2214 447 2259 Lucifer
455 2211 528 2256 omnis
536 2210 603 2252 idem.
