1650 2584
40 191 73 220 v.
85 177 134 231 413.
287 178 387 220 ernau
404 177 448 220 vr.
647 182 688 236 ³³7

44 267 133 319 Stagna
143 273 286 315 recesserunt,
295 272 317 306 et
326 278 393 319 aquas
401 277 442 307 sua
450 265 497 320 ripa
505 275 599 319 coereet3

87 337 188 392 Siccaque
198 350 256 379 nuuc
268 336 342 379 tellus:
352 352 400 380 mos
411 348 484 380 tamen
494 339 543 381 inde
553 350 633 384 manet.
640 354 651 381 o

46 410 183 453 Reddiderat
191 396 286 452 cansam.
297 410 384 459 Valeas,
393 424 450 453 auus
459 411 552 467 optima,
562 413 619 456 dixi:

83 485 147 542 Quod
156 494 254 541 superest
262 484 312 535 aevi,
322 484 387 526 molle
395 485 424 528 sit
433 499 508 538 omne,
519 486 558 529 tui.

48 636 145 677 cnm
152 632 201 689 jam
211 634 295 690 pridem
305 632 370 675 didici
379 633 498 690 puerilibus
507 635 582 677 aunis:

83 708 134 748 Non
144 717 216 749 tamen
227 707 306 748 idcirco
316 706 464 762 praetereunda
473 707 534 749 mihi.

50 780 133 823 Moenia
141 781 271 823 Dardanides
280 794 350 836 nuper
359 794 416 822 nova
425 779 505 824 fecerat
514 781 570 824 llus:

82 854 128 896 llus
137 855 209 897 adhuc
218 855 271 898 Asiae
280 855 338 897 dives
348 855 443 897 habebat
451 868 509 911 opes.

50 926 155 970 Creditur
162 926 269 970 armiferae
278 928 364 983 siguum
374 927 457 970 coeleste
467 927 565 971 Minervae

82 1000 146 1041 Urbis
156 1000 178 1041 iu
188 1000 256 1042 lliaoae
265 1001 374 1043 desiluisse
380 994 442 1056 juga.

49 1077 111 1119 Cura
121 1074 191 1116 ridere
201 1074 256 1117 fuit:
268 1076 309 1117 ridi
320 1075 470 1131 templumque
479 1074 602 1132 locumque.

82 1148 128 1188 lloc
137 1157 233 1201 superest
243 1147 286 1189 illi:
297 1147 382 1189 Pallada
391 1149 459 1189 noma
470 1156 533 1191 tenet.

51 1219 181 1265 consulitur
189 1221 325 1272 Smintheus;
335 1221 428 1277 lucoque
439 1222 543 1265 obscurus
553 1236 621 1280 opaco

82 1296 127 1336 llos
136 1307 181 1335 uou
191 1294 282 1338 mentito
293 1295 385 1338 reddidit
393 1309 430 1337 ore
439 1309 503 1338 sonos
512 1311 516 1336 :

53 1367 196 1409 «aetheream
206 1376 286 1410 servate
298 1371 374 1418 [leam
384 1369 496 1410 servabitis
506 1370 596 1412 urbem:

84 1438 206 1493 Imperium
215 1453 289 1481 secum
298 1439 412 1482 transferet
421 1438 458 1480 illa
468 1439 515 1481 loci.
523 1457 534 1478 ιι

52 1515 141 1561 servat,
151 1521 173 1555 et
182 1511 288 1554 inclusam
297 1527 385 1555 summa
394 1522 453 1556 tenet
462 1514 504 1556 llus
513 1515 536 1556 in
545 1528 606 1568 aree3

85 1588 186 1641 Curaque
195 1587 223 1628 ad
233 1586 338 1629 haeredem
348 1589 493 1631 Laomedonta
503 1589 567 1631 verrit.

51 1660 101 1705 Sub
111 1659 195 1700 Priamo
205 1669 286 1702 servata
296 1672 374 1715 pamm
383 1675 387 1700 :
398 1660 428 1702 sic
437 1661 484 1716 ipsa
493 1661 587 1714 volebat,

84 1735 115 1776 Ex
125 1746 169 1789 quo
175 1731 260 1788 judicio
271 1731 341 1775 forma
351 1733 429 1776 revicta
438 1747 479 1775 suo
488 1744 526 1777 est.

52 1811 98 1852 Seu
107 1820 175 1863 genus
185 1807 279 1855 Adrasti,
289 1820 327 1849 seu
338 1806 402 1849 furtis
411 1816 475 1863 aptus
485 1807 565 1861 Ulixes,

85 1883 127 1924 Seu
137 1880 185 1936 pius
194 1883 278 1932 AEueas,
288 1881 391 1936 eripuisse
401 1881 473 1924 datur.

53 1960 136 2004 Auctor
145 1956 167 1998 io
176 1956 258 1999 incerto
267 1970 271 1995 :
282 1969 315 1998 ree
324 1966 356 1999 est
366 1959 474 2007 Romanu
486 1965 560 2000 tuetur

86 2032 161 2081 Vesta,
171 2032 230 2086 qnod
240 2030 325 2074 assiduo
335 2030 418 2074 lumine
428 2040 507 2074 cuncta
514 2031 579 2076 videt.

59 2177 118 2224 fleu!
128 2186 235 2232 quantum
246 2177 338 2222 timuere
346 2188 429 2235 patres,
439 2192 484 2235 quo
493 2188 591 2237 tempore
597 2179 664 2224 vesto
