1650 2584
130 209 158 237 π
268 260 270 264 v
296 196 397 239 ARTIS
416 197 600 240 Annorum
687 200 773 256 v..’·97.

130 288 171 330 Sed
180 288 235 330 bene
243 287 332 332 celetur.
341 291 396 331 Bene
405 290 424 331 si
433 287 540 332 celabitur
549 290 623 341 index,

158 362 245 404 Notitiae
254 363 336 406 suberit
345 378 430 419 semper
439 364 510 406 amica
521 374 569 406 tuae.

127 437 235 492 Tempora
244 437 282 492 qui
290 438 341 480 solis
349 451 440 493 operosa
449 438 571 481 colentibus
580 451 644 489 arva,

157 509 258 561 Fallitur,
268 520 289 553 et
299 511 370 553 nautis
380 511 516 566 adspicienda
526 520 595 566 putat

128 585 173 626 Nec
183 598 268 640 semper
276 586 382 627 credenda
390 587 452 627 Ceres
462 583 576 626 fallacibus
585 583 652 625 urvis:

159 659 203 699 Nec
212 670 298 713 semper
307 656 369 698 viridi
378 670 472 699 concava
481 657 559 713 puppis
569 669 641 711 aque:

128 730 173 771 Nec
184 738 267 771 teneras
275 743 361 785 semper
369 738 442 772 tutum
452 738 538 784 captare
547 728 636 784 puellas.

159 802 217 857 Saepe
226 802 277 844 dato
286 801 365 844 melius
375 812 473 858 tempore
481 801 519 844 fiet
528 802 593 843 idem.

129 875 176 918 Sive
184 876 229 918 dies
238 876 307 918 aderit
316 876 404 925 natalis;
413 877 458 918 sive
466 875 577 928 Kalendae,

160 953 217 1009 Quas
227 951 333 992 Venerem
344 951 407 994 Marti
416 951 553 993 continuasse
559 950 634 1005 juvat:

129 1026 176 1068 Sive
185 1025 226 1067 erit
235 1034 335 1076 ornatus,
344 1038 390 1066 non
400 1034 424 1066 nt
435 1023 477 1066 fuit
486 1034 548 1071 ante,
558 1024 643 1080 sigillis,

157 1099 198 1141 Sed
208 1111 284 1153 regum
293 1097 373 1153 positas
382 1096 456 1139 Circus
466 1097 555 1139 habehit
565 1111 626 1153 opes;

127 1171 196 1214 Differ
204 1184 266 1227 opus.
276 1173 336 1213 Tunc
346 1170 411 1213 tristis
420 1170 502 1221 hiems,
513 1180 565 1212 tunc
573 1169 656 1212 Pliades
664 1170 758 1224 insane

157 1246 218 1287 Tunc
228 1252 288 1286 tener
296 1256 395 1298 aequorea
403 1241 509 1298 mergitur
518 1242 596 1284 floedus
605 1256 669 1297 aqua.

128 1319 189 1361 Tunc
199 1318 253 1358 bene
263 1316 380 1358 desinitur:
392 1325 456 1365 tunc,
465 1315 483 1356 si
492 1315 541 1370 quis
550 1315 646 1357 creditur
654 1315 711 1369 alto,

157 1390 198 1433 Vix
208 1388 277 1434 tenuit
286 1389 360 1431 lacerae
369 1388 475 1444 naufraga
484 1390 585 1430 membra
594 1389 653 1431 ratis.

127 1466 161 1507 Tu
170 1463 219 1505 iicet
229 1463 329 1518 incipias,
338 1476 382 1518 qua
391 1461 468 1503 flebilis
477 1461 531 1504 Allia
539 1461 587 1505 luce

157 1537 289 1595 Vulneribus
297 1536 362 1579 Latiis
371 1535 536 1592 sanguinolenta
545 1534 598 1578 fuit:

128 1614 217 1671 Quaque
227 1612 261 1654 die
271 1613 372 1661 redeunt,
382 1612 447 1652 rebus
457 1611 530 1653 minus
540 1621 590 1667 apta
599 1611 709 1667 gerendis,

157 1686 219 1730 Culte
229 1686 339 1728 Palaestino
348 1685 441 1741 septima
450 1683 505 1726 festa
513 1686 573 1741 Syro.

127 1763 205 1817 Magne
214 1758 338 1815 superstitio
347 1759 385 1801 tibi
395 1759 424 1800 sit
432 1758 510 1800 natalis
519 1759 604 1800 amicae:

155 1835 246 1890 Qttaque
255 1831 336 1887 aliquid
345 1832 443 1873 dandum
452 1840 494 1880 est,
503 1830 541 1871 illa
549 1831 577 1872 sit
585 1840 632 1872 atra
641 1831 695 1874 dies.

127 1912 201 1969 Quum
212 1908 266 1948 bene
275 1905 360 1956 vitaris,
370 1914 445 1948 tamen
453 1904 544 1946 auferet.
555 1904 637 1947 invenit
647 1916 718 1950 artem

155 1980 255 2029 Femina,
265 1993 308 2033 qua
317 1979 390 2035 cupidi
399 1989 474 2035 carpat
482 1979 575 2020 amantis
585 1992 643 2034 opes.

127 2054 215 2099 Institor
224 2053 251 2094 ad
260 2051 374 2093 dominnm
384 2052 455 2094 veniet
463 2051 580 2094 discinctus
590 2066 700 2096 emacem:

155 2129 256 2186 Expediet
266 2140 348 2169 merces
357 2137 421 2182 teque
430 2128 518 2170 sedente
527 2140 583 2168 suas.

126 2205 183 2263 Quas
192 2201 241 2256 illa,
251 2199 363 2258 inspicias,
371 2211 445 2256 sapere
455 2209 480 2243 ut
488 2198 585 2251 videare,
594 2199 686 2256 rogabit.
