1650 2584
110 193 150 234 170
336 179 518 222 FASTORUM
662 191 682 219 v.
693 176 749 233 69³.

108 270 209 313 Triticeos
219 270 286 321 fetus,
296 283 428 327 passuraque
438 269 496 312 farta
506 267 538 311 bis
547 268 631 325 ignem,

137 346 262 401 Hordeaque
272 345 352 401 ingenti
362 344 444 387 foenore
453 345 529 386 reddat
539 357 595 399 ager.

109 420 153 460 Hoc
162 431 201 473 ego
210 432 250 474 pro
260 418 332 467 robis,
342 418 383 459 hoc
393 431 431 459 ros
440 427 513 472 optate
523 415 605 459 coloni:

138 492 280 548 Efficiantquc
290 502 347 535 ratas
356 503 448 547 utraque
458 491 509 533 Diva
518 505 597 547 preces.
607 487 609 492 ’

110 564 166 607 Bella
175 565 212 608 diu
223 575 309 608 tenuere
320 566 388 607 viros:
398 576 445 607 erat
454 565 525 619 aptior
533 564 589 607 ensis

141 641 244 691 Vomere;
254 641 343 683 cedebat
353 650 428 682 taurus
438 649 510 682 arator
519 652 582 694 equo.

112 712 200 754 Sarcula
208 714 333 754 cessabant:
343 712 440 767 versique
450 711 472 753 in
482 711 525 767 pila
535 710 627 767 ligones,

141 787 247 841 Factaque
256 787 283 828 de
292 786 355 828 rastri
365 786 459 842 pondere
468 785 532 827 cassis
542 793 594 826 erat.

113 860 185 904 Gratia
194 862 239 910 Dis.
249 862 368 916 domuique
379 871 434 903 tute:
445 860 533 916 religata
542 858 623 902 catenis

143 935 275 990 iampridem
285 946 359 977 nostro
369 934 410 976 sub
419 934 472 990 pede
482 933 538 979 bella
544 932 624 989 jacent.

85 1057 92 1066 ,
115 1009 160 1050 Sub
166 1008 221 1064 juga
229 1009 268 1050 bos
277 1008 359 1055 veniat,
370 1008 411 1050 sub
421 1018 487 1050 terras
497 1020 570 1049 semen
580 1013 657 1048 aratas.

144 1084 186 1124 Pax
194 1084 292 1125 Cererem
302 1082 384 1124 nutrit:
395 1081 453 1137 pacis
463 1080 553 1122 alumna
561 1081 629 1122 Ceres.

117 1229 147 1270 dr
156 1241 204 1283 quae
213 1236 313 1269 venturas
322 1228 427 1283 praecedet
436 1234 494 1269 serta
503 1224 617 1274 Kalendas,

146 1304 189 1344 flac
198 1311 249 1344 sunt
258 1302 335 1344 Ledaeis
345 1300 427 1357 templa
435 1301 505 1344 dicata
515 1299 567 1342 Deis.

118 1375 228 1418 Fratribus
237 1374 274 1417 illa
283 1376 329 1417 Deis
339 1374 416 1418 fratres
425 1376 452 1416 de
461 1384 523 1430 flente
532 1375 626 1415 Deorum

148 1451 209 1494 Circa
218 1452 315 1493 Jururnae
324 1463 466 1505 composuere
475 1448 541 1490 lacus.

119 1600 186 1640 Irsurr
196 1610 236 1639 nos
245 1611 333 1639 carmen
342 1596 430 1639 deducit
437 1595 496 1637 Pacis
505 1595 532 1637 ad
542 1607 604 1637 aram
614 1610 618 1635 :

151 1673 197 1713 flac
206 1671 247 1713 erit
255 1685 268 1713 a
277 1671 356 1713 mensis
366 1671 408 1712 fine
419 1671 512 1712 secunda
522 1669 574 1711 dies.

120 1745 241 1787 Frondibus
251 1746 340 1788 Actiacis
350 1754 433 1787 comtos
444 1743 543 1785 redimita
553 1741 652 1798 capillos,

150 1823 203 1866 Pax,
213 1820 273 1868 ades,
284 1830 305 1861 et
314 1828 360 1862 toto
370 1818 429 1860 mitis
439 1817 461 1859 in
470 1818 523 1859 orbe
532 1817 606 1858 mane!

121 1894 179 1934 Dum
189 1892 267 1933 desunt
276 1892 357 1943 hostes,
367 1892 421 1933 desit
430 1904 517 1946 quoque
527 1903 591 1931 causa
602 1885 714 1943 triumphi.

151 1966 185 2006 Tu
194 1964 287 2005 ducibus
296 1963 352 2006 bello
361 1963 430 2020 gloria
439 1962 511 2019 major
519 1961 566 2003 eris.

125 2036 174 2080 Sola
184 2047 243 2093 flerat
252 2038 325 2087 miles,
335 2039 414 2093 quibus
424 2052 485 2081 armo
495 2047 602 2087 coerceat,
611 2049 684 2087 arma5

155 2112 301 2166 Canteturque
310 2112 366 2164 fera,
376 2112 406 2154 nil
416 2112 456 2155 nisi
467 2125 557 2167 pompa,
568 2110 627 2152 tuba.

133 2182 224 2225 Horreat
232 2186 333 2229 AEneadas
342 2195 364 2228 et
371 2186 456 2242 primus
465 2194 487 2228 et
496 2183 587 2228 ultimus
596 2181 653 2225 orbis
662 2198 667 2222 :
