1650 2584
69 167 139 220 cus.
307 165 406 207 tinen
424 166 457 206 11.
671 165 699 207 ot

70 256 107 297 Nec
115 270 164 298 suus
175 255 322 298 Andromedae
331 254 432 298 colorent
441 253 539 309 objectus
549 254 577 297 ab
586 253 634 305 illo,

93 329 172 370 llobilis
182 329 205 371 in
216 328 305 383 gemino
315 327 351 370 cui
360 329 413 383 pede
424 342 493 383 penna
504 327 553 370 fuit.

69 400 165 443 Omnibus
174 400 328 443 Andromache
338 400 381 442 visa
389 398 423 442 'est
432 399 545 456 spatiosior
554 413 627 455 equo:

93 476 158 525 Unus,
168 474 207 530 qui
218 474 329 515 modicam
339 472 430 521 diceret,
440 475 517 515 flector
526 482 578 515 erat.

68 548 123 605 Quod
134 548 190 589 male
201 546 256 598 fers,
265 547 378 596 adsuesce;
389 546 443 588 feres
453 547 513 588 bene.
524 545 591 589 lllultn
599 555 693 589 vetustas

92 620 149 661 lenit
156 635 165 673 ;Δ
173 628 196 662 at
206 618 311 674 incipiens
320 619 395 659 omnia
404 619 469 661 sentit
479 632 547 660 amor.

67 692 117 733 Dum
128 706 197 734 novus
206 691 230 733 in
241 691 302 733 viridi
312 691 411 733 coalescit
420 693 498 734 cortice
508 706 592 741 ramus,

92 767 206 810 Concutiat
217 776 316 809 tenerum
326 766 428 823 quaelibet
437 781 502 816 aura,
511 767 578 809 cadet.

69 841 113 883 lllox
122 842 198 883 eadem
209 840 290 891 ventis,
299 840 369 896 spatio
378 841 468 889 durata,
480 841 572 889 resistet,

94 916 208 971 Firmaque
218 915 329 970 adoptivas
339 915 404 956 arbor
413 914 503 957 habebit
512 927 569 969 opes.

69 988 142 1030 Eximit
152 988 199 1043 ipsa
209 987 254 1028 dies
263 1000 339 1029 omnes
349 1000 360 1028 e
371 1000 460 1042 corpore
470 987 571 1028 mendas:

95 1061 201 1119 Quodque
212 1057 255 1102 fuit
264 1058 353 1109 vitium,
363 1058 441 1101 desinit
450 1072 494 1100 esse
504 1071 571 1100 mora.

69 1135 127 1175 Ferre
137 1144 199 1175 nova
209 1146 271 1174 nares
282 1142 397 1174 taurorum
408 1143 466 1187 terga
477 1141 589 1174 recusant:

95 1209 186 1252 Assiduo
196 1207 290 1249 domitas
300 1218 397 1263 tempore
407 1206 462 1249 fallit
471 1209 531 1249 odor.

71 1281 200 1324 Nominibus
211 1280 296 1322 mollire
305 1280 355 1323 licet
365 1280 428 1322 mala.
438 1283 506 1337 Fusca
515 1289 613 1329 vocetur,

85 1375 88 1379 ·
97 1356 184 1412 Nigrior
193 1353 277 1411 Illyrica
286 1354 322 1396 cui
331 1354 378 1410 pice
387 1355 474 1410 sanguis
484 1354 531 1396 crit.

72 1428 91 1470 si
97 1439 152 1485 poeta
162 1438 206 1478 est,
217 1427 295 1471 Veneri
305 1426 395 1469 similis:
405 1427 423 1468 si
433 1427 498 1477 flava,
509 1426 614 1468 Minerva.

97 1504 127 1546 Sit
136 1501 233 1560 gracilis,
244 1501 313 1543 macie
322 1515 370 1556 qum
380 1500 436 1542 male
446 1499 492 1540 viva
501 1513 541 1541 sua
549 1510 587 1541 cst.

71 1575 221 1626 nictantem,
230 1587 364 1630 quacunque
372 1573 452 1623 brevis;
460 1586 507 1628 quar
516 1573 612 1628 turgida,
620 1573 705 1629 plenam
715 1591 720 1615 ι

99 1651 124 1693 llt
133 1650 201 1693 latent
211 1648 289 1690 vitium
298 1647 437 1704 proximitate
446 1647 505 1689 boni.

72 1721 113 1764 llec
122 1733 205 1778 quotus
213 1734 285 1763 annus
295 1729 340 1770 eat,
350 1734 389 1762 nec
398 1733 443 1774 quo
452 1720 540 1761 situata
550 1720 634 1775 require

98 1795 204 1838 Consrile:
216 1808 265 1850 quae
275 1793 356 1849 rigidus
366 1807 458 1835 munera
466 1794 546 1835 Censor
555 1793 626 1836 lrabet.

71 1870 190 1927 Pracipue‚
199 1870 217 1912 si
227 1869 281 1911 llore
290 1878 359 1919 caret,
370 1867 490 1923 meliusque
498 1878 609 1923 peractum

98 1944 207 1999 Tempus5
218 1952 241 1984 et
249 1941 346 1983 albentes
351 1939 401 1996 jam
410 1938 462 1995 legit
471 1939 507 1982 illa
516 1954 596 1983 comos.

69 2011 143 2067 Utilis,
152 2031 166 2057 o
173 2015 278 2072 juvenes!
288 2022 327 2056 aut
335 2014 392 2065 haec,
401 2023 441 2056 aut
449 2013 516 2055 serior
524 2023 581 2056 etas.

101 2092 143 2131 lete
153 2088 208 2131 feret
217 2096 308 2142 segetem
320 2086 359 2128 iste
368 2086 471 2127 serendus
481 2099 537 2141 ager.

71 2163 128 2207 vum
139 2163 195 2207 vires
204 2161 300 2218 annique
309 2160 395 2212 sinunt,
407 2160 496 2203 tolerate
505 2160 602 2203 labores:

624 2234 644 2269 5.
