1650 2584
118 189 145 230 lb
286 188 384 231 turis
403 188 588 231 lllll'l'OlllAE
675 184 761 227 mbo&

147 278 192 319 Nec
202 290 241 319 sua
250 290 294 320 non
305 292 370 321 sanus
379 278 460 334 scripta
469 288 533 334 poeta
541 277 605 334 legat

116 351 149 394 Sic
159 352 246 394 monuit
254 352 358 395 Pboebus:
368 353 448 396 Phoebo
458 362 531 409 parete
541 351 647 394 monenti.

144 427 208 468 Certa
217 425 253 468 Dei
262 439 323 468 sacro
333 435 365 469 est
373 427 441 483 hujus
450 426 473 468 in
483 440 520 468 ore
529 426 588 468 fides.

116 499 148 541 ld
157 499 258 555 propiora
268 513 339 542 vocor.
349 500 450 558 Quisquis
458 500 566 556 sapienter
574 498 669 549 amabit,

145 574 234 625 Vincet,
243 584 265 617 et
273 588 285 617 e
294 585 379 625 nostra,
388 576 448 631 qnod
457 584 527 631 petet.
537 584 583 617 arte
593 573 655 617 leret.

115 647 200 690 Credite
210 662 249 690 uec
258 662 343 705 semper
351 648 405 691 sulci
414 662 467 690 curn
477 648 559 691 foenore
568 648 675 690 reddunt:

146 722 190 763 Nec
200 728 284 778 semper
293 722 369 765 dubias
379 721 468 777 adjuvat
478 736 531 764 auro
541 731 603 764 rates.

116 795 180 853 Quod
186 793 260 850 juvat,
269 796 383 851 exiguum
393 794 443 851 plns
453 805 495 847 est,
504 796 564 851 qnod
573 794 631 837 laedit
639 802 741 837 amentes
750 811 754 836 :

145 869 269 922 Proponant
278 868 353 910 animo
362 868 433 911 multa
442 868 530 911 ferenda
539 882 586 911 suo.

116 940 176 996 Quot
185 939 266 995 lepores
276 940 298 982 in
307 940 374 992 Atlio,
383 951 437 996 quot
447 955 497 997 apes
506 950 626 996 pascuntur
635 940 658 982 in
668 939 752 997 Hybln;

144 1013 227 1056 Caeruln
235 1023 289 1070 quot
298 1014 373 1057 baccas
382 1014 479 1057 Pallados
488 1016 553 1057 arbor
562 1015 639 1065 hubet3

115 1086 186 1130 Litore
194 1096 249 1142 quot
258 1088 356 1140 coneum
367 1098 398 1130 tot
407 1089 491 1131 suntin
500 1101 575 1131 amore
584 1087 670 1131 dolores
679 1105 683 1129 :

144 1162 196 1219 Quae
206 1160 309 1216 patimur,
318 1161 388 1205 multo
398 1162 481 1217 spicula
490 1161 540 1204 felle
550 1163 646 1205 madent.

116 1235 175 1278 Dicta
186 1234 226 1277 erit
235 1235 275 1278 isse
284 1234 353 1287 foras,
363 1250 431 1291 quam
442 1246 466 1278 tu
476 1235 566 1279 fortasse
576 1236 670 1279 videbis:

144 1310 187 1350 Isse
196 1307 265 1359 foras,
275 1318 296 1351 et
305 1319 325 1351 te
335 1307 388 1351 falsa
397 1308 480 1359 videre,
490 1318 549 1364 puta.

115 1381 192 1423 Clausa
201 1380 240 1422 tibi
251 1379 318 1422 luerit
327 1380 434 1436 promissa
439 1379 509 1436 janua
518 1389 592 1423 nocte:

143 1454 215 1498 Perfer
224 1464 245 1498 et
254 1455 368 1497 immunda
377 1467 458 1511 ponere
467 1468 545 1510 corpus
554 1454 630 1497 humo.

115 1526 213 1570 Forsitan
223 1536 244 1570 et
254 1526 317 1570 vultu
326 1528 419 1569 mendax
428 1526 505 1569 ancilla
514 1528 609 1583 superbo

144 1602 214 1653 Dicet,
224 1601 281 1660 Quid
290 1612 374 1644 nostras
383 1601 467 1644 obsidet
476 1601 515 1644 iste
524 1601 593 1643 forest

114 1675 213 1718 Postibus
223 1685 244 1718 et
253 1676 311 1717 durae
321 1674 412 1731 supplex
421 1675 518 1717 blandire
527 1674 614 1730 puellae;

144 1751 169 1791 Et
178 1748 243 1804 capiti
252 1749 335 1791 demtas
344 1748 367 1790 in
377 1746 424 1790 lore
433 1762 489 1804 poue
498 1761 564 1791 rosus.

115 1823 189 1880 Quum
199 1820 267 1873 volet,
276 1822 376 1864 accedes:
386 1836 455 1877 quum
466 1831 487 1864 te
496 1819 582 1873 vitabit,
592 1822 671 1864 abibis.

144 1895 235 1936 Dedecet
244 1893 349 1949 ingenuos
358 1894 421 1937 taedia
430 1894 486 1936 ferre
495 1894 536 1936 sui.

113 1965 215 2023 Effugere
225 1967 285 2008 huno
294 1980 339 2008 non
349 1977 391 2018 est,
401 1981 469 2022 quare
479 1967 517 2010 tibi
527 1966 595 2021 possit
603 1968 676 2012 amica

143 2039 221 2082 Dicere.
232 2041 281 2081 Non
291 2039 352 2081 omni
362 2049 459 2095 tempore
469 2054 544 2082 sensus
553 2041 621 2084 adest.

112 2115 158 2156 Nec
166 2111 280 2155 maledicta
289 2123 354 2168 puto,
363 2126 403 2156 nee
411 2115 500 2157 verbera
510 2113 566 2157 ferre
575 2113 665 2171 puelle,

141 2187 225 2242 Turpe,
235 2199 274 2228 nec
284 2186 312 2228 ad
323 2196 406 2230 teneros
415 2187 489 2230 oscula
498 2186 554 2230 ferre
563 2188 635 2245 pedes.
