1650 2584
83 174 104 203 v.
116 164 168 217 410.
326 163 427 206 cisra
444 165 487 206 rv.

113 252 181 300 Detis,
191 250 245 294 etin
253 261 335 295 veteres
345 261 408 307 turea
416 267 483 308 grana
493 252 558 295 locos.

83 328 120 375 Et,
131 325 148 367 si
158 335 207 367 tura
217 327 321 374 aberunt.
332 337 408 368 unctas
418 327 527 368 accendite
538 326 607 368 tzedas.

113 402 180 441 Parva
190 400 251 441 bonae
260 399 341 449 Cereri,
352 399 396 442 sint
405 402 472 442 modo
481 411 550 448 casta,
560 401 651 456 placent.

82 477 100 518 Δ
110 475 164 515 bove
173 474 276 517 succincti
286 474 367 518 cultros
377 486 486 517 removete
495 475 596 517 ministri.

113 550 154 590 Bos
164 558 221 592 aret:
232 548 331 605 ignavam
342 549 460 592 sacrificate
470 564 539 592 suem.

81 629 137 684 Apta
143 624 199 681 jugo
209 625 279 667 cervix
288 639 333 667 non
343 634 374 667 est
385 624 481 666 ferienda
490 624 573 667 securi:

114 699 187 750 Vivat,
198 709 219 742 et
228 699 251 741 iu
261 699 315 741 dura
325 711 379 754 serpe
388 698 473 740 laboret
482 698 558 740 humo.
600 720 601 723 ¹

80 848 160 890 rnen
169 845 213 901 ipse
223 845 294 893 locus,
305 855 379 901 raptus
390 855 414 887 ut
425 844 511 900 virginis
521 845 591 886 edam.

112 919 176 962 Plura
186 934 323 976 recognosces
333 937 338 961 ι
348 934 418 975 pauca
427 920 537 961 docendus
547 918 595 960 eris.

80 996 148 1037 Terra
158 994 228 1036 tribus
237 993 330 1049 scopulis
341 1003 426 1035 vastum
437 992 545 1048 procurrit
554 992 576 1033 iu
586 1002 660 1046 aequor
724 980 727 991 ’

112 1068 232 1115 Trinacris,
242 1083 254 1109 a
265 1068 337 1124 positu
346 1082 426 1110 nomen
437 1068 514 1123 adepta
524 1066 573 1108 loci.

81 1144 148 1186 Grata
157 1142 236 1183 domus
245 1141 322 1185 Cereri.
332 1141 410 1183 Multas
420 1141 450 1181 ibi
460 1140 554 1196 possidet
563 1139 638 1188 urbes;

113 1219 136 1258 lu
145 1217 225 1271 quibus
234 1227 266 1258 est
276 1216 334 1259 culto
345 1216 421 1259 fertilis
431 1218 504 1257 trenna
513 1215 566 1257 solo.

82 1290 169 1345 Frigida
177 1290 289 1332 coetennm
299 1301 378 1333 matres
388 1290 492 1332 Arethusa
502 1298 602 1331 vocarat:

112 1365 206 1404 Venerat
215 1363 242 1403 ad
251 1376 320 1404 sacras
330 1373 351 1405 et
360 1365 400 1403 Dea
411 1363 467 1403 llnva
476 1363 547 1417 dapes.

81 1436 147 1485 Pilia,
157 1435 266 1478 consuetis
276 1445 300 1477 ut
308 1445 355 1478 erat
364 1436 467 1477 comitata
476 1435 563 1490 puellis,

114 1509 204 1550 Errabat
213 1508 272 1549 nudo
282 1520 319 1562 per
329 1521 368 1548 sua
377 1517 438 1562 prata
449 1509 508 1562 pede.

82 1581 144 1625 Valle
153 1581 195 1622 sub
206 1581 309 1621 umbrosa
319 1579 379 1621 locus
388 1588 431 1629 est,
441 1580 566 1635 adspergine
575 1579 646 1624 multa

113 1656 193 1699 Uvidus·
202 1668 228 1696 ex
238 1652 283 1695 alto
293 1651 408 1695 desilientis
418 1666 485 1708 aquas.

81 1732 123 1775 Tot
133 1730 220 1772 fuerant
230 1728 284 1778 illic,
293 1738 348 1783 quot
356 1726 422 1768 habet
431 1737 521 1776 natura,
531 1726 624 1779 colores;

111 1807 213 1861 Pictaque
222 1803 320 1847 dissimili
331 1803 384 1845 llore
393 1803 477 1845 nitebat
486 1802 574 1844 humus.

81 1883 154 1941 Quam
164 1879 230 1922 simul
240 1877 349 1934 adspexit;
358 1877 453 1920 Comites
462 1876 567 1927 accedite,
577 1875 642 1929 dixit,

112 1957 138 1998 Et
148 1967 234 1997 mecum
245 1963 325 1994 vestros
335 1950 387 1993 flore
398 1951 477 2007 replete
486 1951 553 1992 sinus.

81 2030 155 2072 Prnda
164 2026 270 2084 puellares
279 2025 365 2067 animos
375 2025 480 2081 prolectat
488 2024 569 2075 iuanis;

111 2107 137 2147 Et
146 2118 191 2146 non
200 2104 294 2147 sentitur
302 2101 415 2145 sedulitate
424 2101 493 2143 labor.

81 2179 130 2221 llaec
139 2176 216 2234 implet
224 2176 284 2220 lento
293 2175 389 2220 calathos
398 2190 411 2218 e
420 2175 501 2218 vimine
510 2182 591 2218 textos:
