1650 2584
50 148 67 176 r.
80 141 125 190 157.
292 136 393 176 LIBER
411 134 443 176 [ῐ.

51 226 156 281 Noulegis
162 225 230 281 jussu
240 223 324 266 lectum
334 223 421 266 venistis
430 225 453 266 in
463 239 547 268 unum:

76 300 181 354 Fungitur
190 298 214 339 in
225 297 287 339 vobis
297 311 389 339 munere
397 297 449 354 legis
459 313 527 342 amor.

52 370 161 413 Blanditias
171 370 262 421 molles,
272 383 393 425 auremque
398 370 499 426 juvantia
509 374 573 416 rerba

78 445 150 496 Adfer3
161 456 187 489 ut
196 446 294 488 adventu
303 444 351 487 iaeta
361 445 388 488 sit
398 445 435 488 ilia
445 457 489 489 tuo.

52 519 97 560 Non
106 533 144 574 ego
154 518 260 561 divitibus
270 517 334 559 venio
343 528 460 574 praeceptor
469 521 559 563 Amoris.

80 591 113 633 Nil
122 604 178 648 opus
188 600 221 633 est
231 590 273 639 itti,
283 590 321 645 qui
331 590 402 640 dabit,
412 600 457 634 arte
467 606 523 635 mea.

55 664 126 706 Secum
136 664 204 706 babet
213 662 328 718 ingenium
335 695 341 713 ‚
349 663 399 718 qui,
409 678 480 719 quum
489 665 552 716 libet,
562 668 649 723 Accipe,
659 668 717 712 dicit.

80 736 192 779 cedimus:
204 734 298 777 inventis
307 734 356 791 pius
365 735 421 778 valet
430 737 466 779 ille
475 738 535 780 meis.

53 810 182 866 Pauperibus
191 818 251 851 vates
260 822 300 863 ego
310 821 370 858 sum;
381 809 433 865 quia
442 824 524 867 pauper
532 812 610 857 amari.

81 884 152 940 Quum
162 883 215 924 dare
225 894 270 923 uon
279 894 365 938 possem
376 895 479 934 munera,
488 885 553 927 verba
563 887 649 929 dabam.

57 958 134 1014 Pauper
142 966 204 999 amet
213 965 289 998 caute:
301 955 377 998 timeat
386 957 514 1001 maledicere
523 974 617 1016 pauper:

82 1033 203 1089 Multaque,
213 1031 316 1075 diuitibus
325 1046 371 1075 non
380 1033 491 1089 patienda,
501 1034 563 1080 ferat.

57 1108 86 1149 bie
94 1107 186 1150 memini
197 1106 279 1148 iratum
288 1106 384 1149 dominae
395 1108 491 1150 turbasse
501 1110 602 1165 capillos:

83 1183 128 1225 flaee
138 1180 272 1236 mihiquem
283 1180 366 1222 multos
375 1181 465 1225 abstulit
473 1183 505 1226 ira
514 1185 577 1227 diest

59 1257 98 1297 Nee
107 1264 176 1312 puto,
186 1268 227 1296 nee
235 1254 293 1296 sensi
304 1254 401 1297 tunicam
410 1255 512 1307 laniaeee,;
522 1260 559 1301 sed
568 1246 615 1316 ipsa

83 1329 181 1371 Dixerat:
192 1337 214 1370 et
222 1326 292 1382 pretio
302 1338 336 1378 estv
343 1326 380 1370 illa
391 1329 487 1372 redemta
497 1345 559 1374 meo.
598 1384 602 1385 ⁷

59 1406 138 1455 Atros,
148 1401 187 1458 qui
197 1401 283 1457 sapitis,
293 1402 357 1444 vestri
367 1413 454 1457 peccata
464 1405 562 1462 magistri

84 1478 190 1535 Effugite:
202 1486 223 1519 et
233 1460 302 1534 iuipte
311 1478 392 1520 damna
403 1478 477 1522 tirnete
488 1495 546 1522 mere.

61 1554 131 1597 Proelia
140 1566 194 1595 curn
204 1551 300 1601 Partbis;
310 1564 362 1593 cum
373 1551 432 1594 euita
442 1566 482 1607 pax
491 1554 519 1595 sit
527 1555 608 1607 arnica3

84 1631 109 1671 Et
113 1628 191 1685 jocus,
202 1636 224 1669 et
233 1639 309 1668 causas
318 1625 425 1681 quidqnid
434 1628 514 1669 amoris
523 1628 594 1672 habet.

62 1700 80 1742 Si
88 1715 127 1743 nec
137 1700 219 1742 blanda
228 1698 291 1748 satis,
302 1712 342 1739 nec
351 1698 392 1741 erit
402 1698 441 1741 tibi
451 1700 519 1741 comis
530 1704 627 1756 amantis

86 1774 166 1825 Perfer,
175 1782 196 1815 et
205 1773 291 1815 obdura
300 1786 304 1811 :
314 1773 431 1827 postmodo
442 1773 511 1815 mollis
521 1775 566 1817 erit.

59 1846 161 1890 Flectitur
169 1845 275 1901 obsequio
284 1853 387 1887 curvatus
397 1846 425 1886 ab
434 1846 511 1887 arbore
521 1860 603 1890 ramus.

87 1922 186 1979 Frangit,
196 1921 214 1964 si
224 1935 279 1964 ures
289 1919 397 1976 experiere
407 1930 461 1962 tuas.

61 1997 166 2053 Obsequio
176 2005 294 2039 tranantur
303 2008 377 2050 aquae:
388 2008 427 2035 uec
436 1992 522 2036 vinee're
531 1996 599 2050 pessis

88 2070 201 2120 Flumina,
211 2069 229 2111 si
239 2076 317 2111 contra
324 2098 330 2117 ,
338 2079 405 2121 quam
416 2066 473 2120 rapit
482 2067 552 2117 unda,
562 2077 629 2107 nates.

60 2143 195 2200 Obsequium
206 2142 314 2199 tigresque
323 2139 400 2180 domat
407 2137 559 2189 Numidasque
568 2136 648 2177 leones.

159 2230 188 2259 rr.
569 2209 595 2286 4ῥ
