1650 2584
69 186 139 239 erm.
299 183 400 224 ιιιιιιι
417 183 466 224 ιιι.
674 188 701 240 9⁸

71 276 150 332 Quoque
161 288 221 317 mens
231 272 315 316 releves
324 282 400 320 aetus,
410 282 497 314 cantare
506 270 599 323 solebat,

96 349 219 404 Accipienda
228 346 292 395 sinu,
303 345 391 387 mobilis
400 347 469 395 Aura,
479 346 534 388 veui.

72 422 165 478 Coniugis
174 422 202 464 ad
213 420 303 464 timidas
311 418 390 474 aliquis
400 418 457 461 male
467 419 554 462 sedulus
562 434 626 463 aures

99 495 184 537 Auditos
194 491 290 535 memori
300 491 378 534 detulit
387 506 424 533 ore
433 505 504 534 sonos.
551 495 554 499 ’

73 568 149 610 Procris
159 577 183 609 ιιι
193 566 278 621 accepit
287 578 382 615 nomon,
391 564 453 620 quasi
463 565 555 620 pellicis,
563 567 636 618 Aurm

79 689 83 697 .
100 640 177 682 Excidit
186 657 190 681 τ
201 650 223 681 et
232 638 307 681 subito
317 647 380 679 muta
389 637 464 679 dolore
473 637 522 681 fuit.

75 712 156 762 Palluit,
167 723 192 754 ιιι
202 725 266 762 sere,
276 710 337 753 lectis
346 711 373 752 de
382 710 425 752 vite
434 710 535 761 racemis,

100 787 217 830 Pallescunt
226 786 328 836 frondes,
337 799 392 840 quas
401 799 457 827 nora
467 785 520 828 lasit
529 786 611 828 hiems:

74 863 163 920 Quaque
173 875 224 903 suos
234 868 327 903 curvant
336 868 424 901 matura
433 859 525 915 cydonia
534 873 617 911 ramos;

101 938 213 991 Cornaque
221 935 295 976 adhuc
304 932 383 975 nostris
391 946 437 975 nou
445 932 498 975 satis
507 942 557 988 epta
567 933 626 977 cibis.

76 1010 100 1053 Ut
109 1010 170 1052 rediit
179 1010 279 1057 animus.
290 1018 365 1050 tenues
375 1023 388 1050 a
397 1017 484 1063 pectore
493 1018 560 1051 vestes

101 1083 201 1139 Rumpit,
211 1092 233 1125 et
242 1082 342 1137 indignas
352 1081 436 1125 sauciat
444 1096 517 1138 ungue
526 1096 597 1138 genus.

76 1159 116 1200 Nec
126 1172 200 1208 mom
211 1171 250 1213 per
258 1158 341 1199 medias
350 1158 419 1212 passis
426 1156 547 1200 furibunda
557 1159 639 1215 capillis

102 1231 188 1281 Evolat,
198 1241 223 1274 ut
234 1230 308 1288 thyrso
317 1231 504 1282 concitadaccha,
514 1230 565 1274 vias.

78 1304 101 1345 Ut
110 1318 178 1361 prope
189 1313 330 1359 perventum
340 1303 431 1347 comites
441 1303 463 1344 in
473 1303 527 1346 valle
537 1303 644 1361 relinquit.

103 1379 149 1433 lpsa
160 1389 241 1419 nemus
252 1377 317 1419 tacito
326 1375 383 1418 clam
393 1377 447 1431 pede
457 1375 519 1418 fortis
528 1376 575 1420 init.

77 1451 130 1511 Quid
141 1451 182 1494 tibi
192 1450 273 1493 mentis
282 1460 340 1499 erat,
350 1464 421 1505 quum
430 1450 461 1492 sic
471 1449 527 1492 male
536 1463 589 1493 sana
599 1450 686 1506 lateres,

103 1527 189 1569 Procri?
198 1527 248 1581 quis
258 1524 345 1567 attoniti
355 1525 447 1580 pectoris
456 1525 521 1567 ardor
530 1530 588 1568 emt?

75 1601 122 1643 lam
129 1602 180 1657 jam
191 1609 319 1648 venturam,
329 1611 464 1653 quacunque
473 1601 595 1649 erardum,
605 1601 697 1655 putabas

103 1675 201 1722 Scilicet,
211 1683 278 1726 atque
288 1671 356 1713 oculis
365 1671 445 1726 probra
455 1671 546 1713 videnda
556 1671 605 1714 tuis.

76 1750 140 1792 Nunc
150 1748 235 1791 venisse
244 1745 313 1802 piget3
323 1745 462 1800 nequeenim
472 1746 602 1802 deprendere
612 1747 690 1792 vellesz

104 1826 171 1866 Nunc
177 1823 250 1878 juvat
262 1824 357 1862 incertus
366 1829 454 1874 pectora
463 1828 532 1861 versat
541 1832 610 1861 amor.

74 1900 168 1942 Credere
177 1910 227 1953 quae
233 1895 340 1951 jubeant,
350 1893 410 1936 loeus
419 1904 463 1944 est,
472 1903 493 1936 et
501 1906 594 1944 nomen,
603 1903 625 1937 et
634 1894 708 1948 indem

104 1974 132 2014 Ει
141 1969 196 2025 quia
204 1980 284 2010 amane
292 1979 385 2022 semper,
394 1965 454 2020 quod
464 1964 536 2014 timet,
547 1978 591 2006 esse
600 1975 670 2021 putet.

74 2047 136 2089 Vidit
148 2055 174 2088 ιιι
183 2053 322 2099 oppressam,
332 2040 420 2096 vestigia
429 2039 536 2095 corporis,
546 2039 648 2092 herbam

105 2120 228 2163 Pulsantur
237 2116 313 2172 trepidi
324 2115 388 2158 corde
398 2114 492 2155 micante
502 2112 568 2154 sinus.

74 2197 173 2250 Jamque
183 2192 231 2234 dice
241 2189 326 2233 medius
336 2199 411 2230 tenues
421 2194 561 2229 contraxerat
570 2184 671 2233 umbrae;

625 2269 645 2305 7.
