1650 2584
58 160 137 215 uduo.
216 156 374 200 REMEDIA
392 157 531 200 emonis.
657 172 695 214 127

81 247 209 306 Suppliciter
218 246 313 288 domine
323 246 412 288 nomine
422 246 490 298 dicet,
499 248 548 289 Ave.

59 326 110 376 dec,
121 323 140 366 si
149 322 204 364 scire
213 320 283 372 voles,
293 320 347 376 quid
357 330 406 376 agat
416 330 490 363 tumen
499 319 547 372 illa,
557 321 647 378 rogabis.

83 398 168 441 Profer:
177 397 219 439 erit
228 396 290 439 lucro
301 395 375 450 lingua
385 404 467 438 retenta
477 410 523 438 suo.

58 475 87 515 Tu
96 484 195 527 quoque,
205 469 243 525 qui
253 482 344 511 eausam
355 467 411 511 finiti
422 468 491 511 reddis
501 469 592 522 amoris,

82 547 154 599 Deque
165 552 204 585 tua
212 541 303 583 domins
313 540 383 583 multa
392 542 502 596 querenda
512 541 588 594 τρίετες

56 623 117 663 Parce
125 618 195 674 queri.
206 617 282 660 Melius
291 616 322 658 sic
333 616 434 659 ulciscere
443 618 545 669 taeend05

83 698 139 738 Dum
150 691 260 735 desideriis
269 690 347 733 effluat
356 690 393 733 ilia
402 692 452 735 tuis.

55 772 79 813 Et
88 768 166 812 malim
176 776 258 818 taceas,
267 780 334 822 quam
346 776 366 809 te
374 766 452 809 desisse
462 765 562 822 loqueris.

83 843 125 902 Qui
134 841 230 884 nimium
240 839 327 890 multis,
338 843 387 883 Non
397 855 460 893 arno,
470 841 532 893 dicit;
543 853 609 886 amnt.

57 919 95 961 Sed
104 916 195 960 meliore
204 914 246 957 fide
256 915 362 971 paulatim
372 915 515 972 exstinguitur
524 916 589 972 ignis,

83 993 156 1048 Quam
165 989 245 1031 subito.
256 991 321 1030 Lente
331 987 416 1038 desine;
427 998 488 1032 tutus
498 989 545 1032 eris.

56 1064 155 1107 flumine
164 1070 269 1118 perpetuo
280 1071 364 1104 torrens
372 1061 428 1105 solet
436 1063 507 1106 scrius
516 1063 553 1105 ire.

84 1139 124 1180 Sed
135 1147 210 1180 tamen
220 1136 265 1178 hnc
275 1135 345 1177 brevis
355 1145 398 1186 est,
408 1135 446 1178 iila
455 1137 555 1191 perennis
565 1151 630 1193 sque.

59 1210 138 1260 Furat,
148 1208 201 1251 etin
213 1215 288 1250 tenues
297 1207 400 1249 evanidus
409 1217 471 1251 exeat
480 1222 555 1259 sums,

84 1289 167 1340 Perque
177 1283 257 1338 gradus
267 1280 343 1323 molles
352 1282 472 1325 emoriatur
481 1297 550 1325 amor.

58 1360 96 1402 Sed
106 1358 175 1400 modo
186 1357 287 1399 dilectam
297 1356 366 1405 scelus
376 1366 408 1400 est
417 1358 487 1400 odisse
496 1358 602 1414 puellum:

86 1433 162 1476 Exitus
171 1430 263 1487 ingeniis
273 1431 373 1473 convenit
381 1432 421 1474 iste
431 1430 488 1474 ieris.

58 1511 107 1551 Nun
117 1520 195 1551 curare
204 1515 237 1548 sat
247 1516 284 1548 est
295 1505 348 1547 Odio
357 1506 395 1561 qui
406 1506 455 1549 finit
464 1520 574 1559 umorem,

86 1586 129 1626 Aut
139 1589 211 1630 amat,
221 1592 261 1624 aut
269 1594 324 1637 segre
333 1581 417 1624 desinet
426 1595 470 1624 esse
480 1582 552 1624 miser.

57 1658 142 1713 Turpe,
152 1656 186 1697 sir
194 1665 217 1698 et
226 1654 316 1705 mulier,
323 1654 396 1710 juncti
406 1657 483 1707 modo,
493 1657 592 1712 protinus
601 1658 684 1702 hostes:

85 1733 137 1773 Non
146 1730 195 1772 illus
205 1729 252 1771 lites
262 1729 340 1785 Appius
349 1729 395 1786 ipsa
404 1732 490 1787 probat.

56 1807 115 1862 Sepe
126 1818 174 1847 ress
184 1803 279 1854 iaciunt,
289 1813 312 1847 et
320 1814 402 1848 amant.
413 1806 455 1847 Ubi
464 1805 525 1848 nulls
534 1806 633 1850 simultas

87 1879 181 1929 Incidit,
191 1878 309 1921 admonitu
318 1878 373 1921 liber
382 1880 469 1922 aberrat
478 1892 546 1922 amor.

55 1955 119 1997 Forte
129 1953 220 1995 aderam
227 1950 317 2007 juveni:
328 1952 442 1995 dominam
451 1952 526 1997 lectica
535 1956 630 1998 tenebat:

84 2028 210 2070 Horrebant
219 2026 280 2069 sevis
288 2026 363 2069 omnis
373 2028 438 2069 verbs
448 2027 519 2070 minis.

57 2103 153 2159 Jamque
163 2102 295 2152 vadaturus,
304 2100 387 2143 lectica
395 2102 496 2157 prodest,
506 2101 583 2159 inquit.

86 2177 213 2220 Prodierat:
224 2174 269 2218 risa
278 2170 371 2231 conjuge
381 2184 457 2218 mutus
466 2184 518 2217 erut.

595 2261 615 2300 ⁹·
