1650 2584
68 210 91 239 v.
103 199 153 253 ⁸²9·
314 198 414 239 LIBER
432 198 464 240 11.
666 206 707 246 207

68 290 128 332 Dant
137 287 222 330 veniam
232 287 289 330 facto
299 289 382 343 genitor
390 288 514 344 conjuxque
523 296 604 330 coacto.

100 364 184 419 Quam,
193 361 257 411 dixit,
268 361 353 404 veniam
362 376 399 404 vos
409 362 474 411 datis,
484 362 530 418 ipsa
542 375 603 418 nego.

72 436 120 477 Nee
130 447 201 476 mora:
212 433 281 477 celato
291 435 337 491 figit
345 449 383 477 sna
394 444 481 491 pectora
490 434 559 485 ferro,

101 510 128 551 Et
138 508 194 550 cadit
204 508 225 550 in
235 508 316 565 patrios
325 508 489 565 sanguinolenta
498 510 567 565 pedes.

71 583 134 625 Tune
142 581 292 637 quoque.jnm
300 582 406 634 moriens,
414 597 441 625 ne
449 597 492 626 nou
500 583 630 639 procumbat
636 582 736 631 honeste,

102 655 207 710 Respicit:
218 655 262 697 liaec
271 656 336 698 etiam
346 670 398 699 cura
408 657 503 700 cadentis
512 667 564 700 erat.

71 730 126 773 Eece
135 741 200 784 super
208 742 286 784 eorpus
295 730 423 772 communia
431 731 510 772 damna
521 740 639 785 gementes,

63 815 72 829 ν
103 800 167 847 01)Ιίῑί
178 800 270 851 decoris,
279 801 353 857 virque
362 813 465 858 paterque
471 801 551 858 jaceat.

73 875 153 917 Brutus
162 874 233 923 sdest,
244 875 373 930 tandemque
383 875 458 918 animo
467 889 506 917 sua
515 875 605 917 nomina
614 873 681 925 fallit,

104 947 196 1002 Fixaque
206 948 319 990 semanimi
330 962 419 1005 corpore
430 949 470 991 tela
479 949 541 1004 rapit.

73 1020 240 1078 Stillantemque
250 1033 324 1066 tenens
333 1038 436 1080 generoso
445 1024 550 1079 sauguine
559 1022 666 1072 cultrum,

54 1126 57 1129 -
103 1095 175 1138 Edidit
184 1096 303 1152 impavidos
312 1112 348 1140 ore
358 1099 455 1141 minante
464 1111 540 1140 sonos:
607 1094 615 1109 ⁹

74 1170 115 1212 Per
124 1167 163 1210 tibi
172 1182 211 1224 ego
220 1168 278 1210 huuc
285 1169 338 1224 juro
349 1169 427 1213 fortem
438 1172 565 1225 castumque
575 1181 685 1220 cruorem,

105 1244 185 1297 Perque
196 1251 245 1284 tuos
254 1245 336 1291 Manes,
347 1244 384 1299 qui
395 1244 449 1285 milri
459 1257 541 1286 numen
550 1254 625 1291 erunt.

73 1316 222 1373 Tarquinium
228 1331 299 1373 poeuas
309 1317 401 1374 profuga
410 1332 461 1360 cum
472 1318 536 1373 stirpe
546 1318 661 1366 daturum

104 1393 154 1434 lam
163 1391 214 1433 satis
223 1401 255 1434 est
264 1391 330 1434 virtus
339 1391 474 1444 dissimulem
484 1391 529 1432 diu.

74 1466 114 1510 llla
120 1466 196 1522 jacens
206 1467 233 1508 ad
243 1467 306 1508 verba
317 1465 391 1509 oculos
400 1466 446 1508 sine
456 1465 539 1507 lumine
549 1465 627 1515 movim

106 1542 200 1596 Visaque
209 1555 312 1584 concussa
321 1541 379 1584 dicta
389 1540 481 1596 probare
490 1552 561 1580 corna.

75 1617 154 1659 Fertur
163 1615 185 1657 iu
195 1616 305 1670 exsequias
315 1615 383 1658 animi
394 1624 494 1657 matrona
503 1613 580 1664 virilis5

106 1692 132 1733 Et
141 1704 216 1732 secum
226 1688 331 1746 lacrymas
340 1688 489 1743 invidiamque
500 1687 571 1729 trahit.

76 1764 163 1808 Vulnus
173 1764 237 1806 inane
246 1773 317 1821 patet:
328 1765 406 1805 Brutus
416 1762 511 1804 clamore
521 1760 613 1819 Quirites

105 1837 215 1889 concitat,
225 1846 246 1880 et
255 1836 310 1893 regis
320 1836 377 1880 facta
387 1835 482 1878 nefanda
493 1833 564 1877 refert.

75 1910 208 1967 Tarquinius
218 1924 269 1953 cum
280 1909 340 1967 prole
349 1909 418 1965 fugin
427 1907 485 1964 capit
495 1921 568 1950 annua
577 1904 657 1951 Consul

105 1987 170 2027 lura:
182 1983 227 2026 dies
237 1984 307 2040 regnis
316 1983 352 2026 illa
361 1995 463 2039 suprema
473 1979 521 2023 fuit.

75 2140 205 2181 riarium?
214 2149 242 2179 an
251 2135 306 2179 veris
315 2134 437 2193 praenuntia
448 2132 506 2176 venit
514 2132 620 2181 hirundo;

615 2207 645 2259 ι4Δ
