1650 2584
60 199 83 228 v.
98 186 149 241 359.
314 189 413 230 LIBER
431 189 457 230 V.
664 190 706 231 303

61 276 160 325 Adonin
171 286 192 319 et
202 277 267 319 moris
277 276 341 319 liores
350 279 445 321 cecidere
454 279 549 334 capillis:

94 351 198 393 Accidere
207 350 230 392 in
240 364 324 393 menses
334 361 359 395 ut
368 365 417 393 rosa
427 352 491 394 missa
501 353 560 395 solet.

61 494 157 539 rums-'i
168 496 287 546 restabant;
297 509 392 551 qnorum
402 509 438 538 me
447 510 512 539 cnnsn
521 496 614 539 latebat:

95 569 172 623 Quum
181 567 211 609 sic
221 580 303 609 errores
311 567 401 610 abstulit
410 568 446 610 illa
456 582 522 611 meos.

62 641 106 683 Vel
118 640 170 695 quia
179 642 293 696 purpureis
302 640 410 683 collucent
419 641 509 683 floribus
518 642 575 697 ngri3

94 714 189 756 Lumina
198 724 250 757 sunt
260 724 344 758 nostros
353 715 396 757 viss
405 715 479 757 decere
489 715 546 757 dies:

62 787 105 830 Vel
116 788 168 843 quin
178 802 216 829 nec
226 788 265 830 ilos
274 798 306 831 est
315 789 398 838 hebeti.
407 803 447 831 nec
457 789 557 839 flemme,
567 788 649 838 colore;

94 864 165 915 deque
174 861 248 903 oculos
257 862 280 904 in
289 876 311 903 se
320 862 422 917 splendor
431 872 522 917 uterque
532 861 609 904 trahit:

64 934 106 977 Vel
116 933 168 988 quia
177 933 257 976 deliciis
266 945 373 977 nocturna
383 934 469 977 licentia
478 934 556 978 nostris

95 1009 206 1051 Convenit.
216 1012 231 1051 Δ
242 1023 291 1051 vero
302 1011 363 1053 tertia
371 1020 437 1052 eausa
447 1010 510 1053 venit.

64 1085 102 1126 Est
112 1083 175 1124 breve
184 1093 297 1137 preterea,
307 1084 387 1139 dequo
398 1083 452 1125 mihi
461 1097 556 1139 querere
564 1093 641 1133 restat,

96 1156 117 1199 Si
127 1156 199 1207 licent,
209 1158 258 1199 dixi.
268 1158 324 1200 Dixit
333 1169 354 1201 et
362 1158 409 1207 illa,
420 1160 483 1202 Licet.

64 1234 111 1275 Gur
120 1230 159 1273 tibi
170 1244 209 1286 pro
218 1231 300 1288 Libycis
309 1231 440 1275 claudantur
449 1244 492 1276 rete
502 1233 572 1276 leoenis

96 1303 195 1346 imbelles
203 1318 283 1360 espreae
291 1337 296 1353 ,
305 1305 452 1361 sollicitusque
461 1307 529 1362 lepus.

65 1381 117 1422 Non
127 1377 178 1424 sibi.
189 1377 308 1432 respondit.
319 1377 382 1420 silvas
392 1379 488 1429 cessisse3
498 1380 535 1421 sed
544 1380 630 1430 hortos,

95 1454 192 1507 Arvaque
202 1451 294 1506 pugnaci
303 1463 348 1492 non
357 1452 457 1493 adeunda
467 1451 524 1494 ferre.

66 1526 146 1570 Omnia
154 1525 252 1568 finierat:
264 1535 338 1568 tenues
347 1526 433 1569 secessit
442 1525 464 1567 in
474 1540 544 1569 auras.

97 1599 174 1642 Mansit
183 1600 250 1641 odor:
260 1613 332 1655 posses
341 1599 395 1640 scire
404 1598 470 1642 fuisse
479 1601 552 1642 Deam.

65 1672 149 1718 Floreat
159 1683 184 1715 nt
194 1682 240 1715 1010
249 1685 336 1715 carmen
347 1672 438 1714 Nasonis
447 1672 471 1715 in
479 1687 535 1723 aevo,

97 1748 185 1802 Sparge,
195 1758 278 1801 precor,
287 1745 349 1787 donis
358 1754 445 1800 pectore
454 1757 528 1788 nostre
537 1746 586 1789 inis.

68 1896 143 1937 Nocrr
152 1892 224 1935 minus
233 1903 311 1949 quarte
320 1903 406 1949 promet
415 1907 454 1936 sue
463 1894 533 1937 sidera
540 1894 620 1938 Chiron

96 1965 192 2015 Semivir,
201 1976 223 2008 et
233 1965 281 2008 flavi
291 1980 380 2023 corpere
390 1967 470 2010 mixtus
479 1968 535 2024 equi.

68 2040 141 2084 Pelion
152 2041 265 2083 iiaemoniae
274 2054 337 2083 mons
347 2051 379 2083 est
387 2042 490 2085 obversus
498 2042 520 2085 in
530 2045 630 2087 Austros:

98 2116 187 2156 Summa
197 2114 265 2157 virent
274 2114 339 2170 pinn;
349 2124 419 2157 cetera
428 2129 520 2171 quercus
529 2116 601 2160 habet.

71 2188 193 2245 Phillyrides
204 2190 284 2233 tenuit:
295 2204 346 2233 sexo
355 2200 413 2234 stant
422 2201 485 2234 antra
493 2201 588 2242 vetusto,

583 2278 618 2307 ιο.
