1650 2584
256 168 591 246 FASTORUM

233 372 385 431 LIBER
408 370 610 430 PRIMUS.

97 707 209 749 Tnunnn
219 716 272 744 cum
282 703 351 746 causis
360 703 446 747 Latium
457 703 538 760 digesta
546 716 688 759 perannum,

126 782 243 835 Lapsaque
252 779 293 819 snb
304 787 381 828 terras,
391 788 482 833 ortaque
491 778 562 834 sigua,
572 792 657 820 canam.

98 853 177 908 Excipe
187 861 276 908 pacato,
286 853 356 894 Cesar
363 851 501 902 Germanice,
510 851 573 894 vultu

125 928 172 968 Hoc
182 939 250 981 opus,
259 933 281 966 et
290 924 370 967 timidae
378 924 446 979 dirige
455 923 515 966 navis
525 925 575 975 iter;

97 998 215 1053 officiique
225 998 293 1039 levem
304 1011 348 1039 non
357 1008 467 1040 aversatus
476 997 594 1049 honorem,
659 981 661 993 Ι

127 1075 153 1115 lu
163 1072 203 1115 tibi
213 1072 291 1114 devoto
301 1086 391 1114 munere
400 1073 475 1114 dexter
484 1072 539 1114 ades.

96 1150 161 1191 Sacra
173 1157 310 1202 recognosces
319 1147 438 1189 Annalibus
448 1156 509 1190 eruta
518 1145 603 1202 priscis,

126 1224 153 1265 Et
161 1235 206 1277 quo
215 1221 243 1264 sit
253 1221 332 1263 merim
339 1235 430 1277 qunque
439 1230 514 1264 notata
523 1221 574 1263 dies.

96 1294 197 1338 Invenies
206 1293 249 1335 iilic
259 1303 281 1336 et
290 1292 344 1336 festa
353 1294 471 1336 domestica
480 1294 553 1335 vobis:

127 1371 187 1426 Saepe
197 1368 237 1411 tibi
245 1379 307 1424 pater
315 1377 357 1419 est,
367 1382 423 1425 saepn
431 1368 533 1424 legendus
542 1381 602 1411 avus.

95 1447 193 1502 Qnaeque
204 1441 278 1485 ferunt
288 1442 318 1484 ilii
328 1443 397 1498 pictos
405 1443 512 1498 signantia
522 1444 606 1494 Fusios,

126 1518 161 1559 Tu
170 1528 259 1571 qnoque
268 1529 320 1557 cum
330 1517 399 1557 Druso
409 1515 499 1571 premia
509 1514 576 1558 fratre
586 1514 646 1558 feres.

95 1590 186 1635 Caesaris
193 1603 257 1633 arma
267 1599 346 1632 canant
356 1589 404 1631 alii:
416 1604 455 1632 nos
465 1590 552 1633 Cesarie
562 1604 620 1641 aras,

124 1667 150 1709 Et
159 1678 303 1721 quoscunque
311 1663 376 1705 sacris
385 1664 468 1706 addidit
477 1662 512 1705 ilie
521 1664 572 1706 dies.

93 1740 173 1784 Adnue
181 1736 269 1781 conanti
279 1749 317 1793 per
326 1735 401 1779 laudes
410 1737 441 1778 ire
452 1746 552 1788 tuorum,

124 1814 197 1868 Deque
208 1824 258 1852 meo
267 1809 355 1866 pavidos
364 1819 441 1851 excute
450 1810 514 1851 corde
525 1819 601 1853 metus.

92 1889 125 1930 Da
134 1885 191 1928 mihi
201 1896 222 1928 te
231 1883 342 1941 placidum
351 1900 355 1924 :
366 1883 450 1925 dederis
459 1883 481 1925 in
491 1883 588 1926 carmina
597 1884 658 1926 vires.
708 1895 713 1904 ⁴

121 1960 238 2016 Ingenium
246 1957 310 2000 vultu
319 1967 404 2013 statque
413 1956 513 2012 caditque
523 1966 567 1999 tuo.

91 2036 175 2093 Pagina
180 2034 293 2090 judicium
304 2032 361 2075 docti
371 2032 471 2075 subitura
481 2043 581 2075 movetur

120 2108 238 2165 Principis,
249 2117 273 2149 ut
282 2105 354 2149 Clario
362 2105 428 2147 missa
436 2104 525 2161 legende
536 2108 585 2147 Deo.

87 2186 144 2243 Qnae
154 2184 182 2227 sit
191 2182 251 2226 enim
262 2180 314 2223 culti
325 2180 428 2223 facundia
437 2178 545 2222 sensimus
555 2178 610 2230 orie,

617 2261 649 2291 io.
