1650 2584
62 216 81 243 v.
95 207 147 243 2⁵5.
322 203 421 244 LIBER
440 203 455 243 l.
666 200 705 243 153

60 295 185 336 Pnnssennr
195 307 234 335 ora
242 295 304 335 Deus.
314 295 375 336 Tunc
384 293 415 335 sic
425 300 499 335 nostra
508 305 546 334 ora
556 290 650 341 resolvo.

90 369 151 409 Voce
161 380 210 409 rnen
219 380 282 409 voces
291 366 388 409 eliciente
397 366 433 408 Dei
442 383 447 407 :

61 441 138 496 Quum
150 449 182 481 tot
192 439 235 481 siut
243 439 303 488 lani,
313 453 353 481 cur
361 448 404 481 stas
414 448 510 481 sacratus
520 438 543 480 in
552 452 608 488 uno,

93 513 132 556 llic
143 514 182 555 ubi
193 513 267 568 juncta
277 513 330 555 foris
339 514 420 569 templa
429 515 516 557 duobus
525 514 603 556 hebes?

60 587 100 629 llle
111 601 181 629 mauu
192 587 289 629 mulcens
299 601 417 643 propexam
426 589 453 630 ad
463 597 550 643 pectora
559 588 661 638 herbam,

93 661 196 704 Protinus
204 661 286 704 OEbalii
297 661 369 704 retulit
379 676 441 704 orme
450 661 503 710 Titi;

63 737 136 791 thue
147 734 198 777 levis
207 744 291 784 custos,
301 734 391 778 armillis
401 744 464 791 capte
473 734 567 786 Sabinis,

92 809 125 851 Ad
135 822 228 850 summe
237 808 324 851 Tatium
334 809 420 850 duxerit
430 809 484 851 orcis
493 808 539 850 lter.

63 882 128 932 lude,
139 880 198 924 velut
207 896 266 923 nunc
275 892 318 930 est,
328 896 441 938 perquem
451 882 589 935 descenditis,
598 883 681 939 inquit,

93 955 180 996 Arduus
190 955 212 996 in
222 954 286 997 valles
295 965 317 999 et
326 958 379 999 Fora
388 956 456 998 clivus
465 965 518 998 eret.

64 1032 91 1073 Et
97 1030 146 1085 jam
157 1029 276 1086 contigerat
286 1041 383 1085 portem,
393 1031 494 1073 Saturnia
503 1029 566 1086 cujus

95 1106 206 1146 Demserat
215 1105 322 1160 adpositas
332 1105 434 1148 insidiosa
444 1119 508 1148 seres.

64 1179 121 1221 Cum
132 1187 194 1220 tanto
202 1178 282 1221 veritus
291 1178 428 1221 committere
437 1178 529 1221 numine
537 1192 646 1235 pugnarn,

55 1283 68 1323 x
97 1253 144 1308 lpse
154 1266 206 1295 mere
217 1253 275 1295 movi
284 1253 375 1295 callidus
385 1254 437 1296 artis
446 1267 508 1309 opus.

67 1326 164 1381 Oraque,
174 1339 218 1380 qua
227 1325 309 1381 pollens
319 1339 359 1381 ope
369 1339 432 1376 sum,
441 1325 532 1368 fontana
541 1325 629 1377 reclusi5

95 1402 194 1455 Sumque
204 1402 325 1457 repentinas
335 1401 455 1456 ejaculntus
464 1415 538 1456 aquus.

67 1476 121 1518 Ante
133 1484 206 1517 tamen
216 1474 290 1528 gelidis
300 1474 382 1531 subjeci
391 1474 498 1530 sulphura
507 1474 577 1526 venis,

96 1548 212 1592 Clauderet
223 1559 247 1591 ut
255 1549 317 1592 Tatio
327 1548 422 1591 fervidus
433 1549 513 1591 humor
521 1549 568 1591 iter.

67 1623 137 1680 Cujus
147 1634 172 1665 ut
182 1622 263 1665 utilitas
273 1623 339 1678 pulsis
349 1633 448 1679 percepto
459 1623 553 1673 Sabinis,

98 1701 194 1756 Quaeque
203 1697 256 1747 fuit,
268 1708 315 1740 tuto
325 1699 408 1741 reddita
418 1697 489 1740 forma
499 1698 546 1740 loco
556 1707 598 1749 θείς

70 1772 111 1814 Ara
121 1771 176 1813 milri
187 1772 257 1827 posita
266 1781 298 1814 est
306 1786 372 1827 parvo
380 1770 499 1826 conjuncta
508 1770 599 1813 sacello:

41 1889 45 1898 ,
98 1847 146 1888 llaec
156 1844 229 1888 adolet
237 1844 333 1888 flammis
342 1859 394 1888 eum
403 1855 463 1887 strue
474 1844 532 1887 farre
542 1844 593 1887 suis.

68 1993 99 2036 Δτ
109 2003 150 2033 cur
158 2004 211 2046 pace
220 1988 284 2040 letes,
295 1985 528 2045 motisquereeluderis
536 1991 616 2033 erinis?

99 2067 143 2107 Nec
153 2078 226 2115 mora;
236 2065 320 2120 quaesiti
330 2064 414 2106 reddita
424 2077 489 2105 cansa
499 2064 560 2106 mihi.

74 2142 102 2184 Ut
110 2139 193 2196 populo
204 2140 284 2185 reditus
293 2149 381 2197 pateant
391 2140 419 2181 ad
429 2139 485 2182 belle
494 2139 604 2195 prolecto,

100 2215 155 2257 'lota
164 2223 224 2269 patet
232 2215 305 2257 demta
311 2214 381 2271 janua
390 2223 466 2256 nostra
474 2227 528 2256 seru.

67 2292 121 2333 Pace
129 2288 187 2332 fores
196 2288 265 2341 obdo‚
275 2302 303 2332 ne
312 2302 357 2344 qua
366 2288 474 2331 discedere
483 2287 550 2344 possit
558 2303 563 2339 ς
