1650 2584
128 149 172 191 316
357 148 540 190 ristonuu
690 151 777 205 tofi.

156 241 215 296 Quot
223 246 275 280 sunt
283 237 381 281 Herculei
391 237 449 280 facte
458 237 550 287 laboris,
561 237 598 280 eit.

126 313 175 363 Dic,
183 326 222 368 ego
232 312 343 368 respondi.
353 326 442 354 canem
453 311 508 354 mihi
518 310 593 353 sideris
602 309 680 367 hujus.

155 390 248 430 Canum
258 386 353 429 larundo
363 387 460 442 prodidit
468 399 506 428 ore
514 388 577 428 Deus.

127 538 284 579 destituentur
294 547 366 593 raptas
375 537 469 578 Phoeben
478 535 609 591 Phoebetque
617 549 723 579 sororem

156 611 283 667 Tyndaridae
292 609 381 657 staua.
389 609 425 651 hic
435 622 511 663 eques,
520 608 556 651 ille
566 609 633 665 pugil.

130 683 186 726 Bella
197 694 285 739 parant,
295 693 439 739 repetuntque
448 697 499 726 tuas
508 693 529 727 et
538 682 606 726 stater
615 693 638 727 et
646 684 709 736 ldesr

157 759 265 814 Leucippo
275 758 321 800 lieri
331 768 406 813 pactus
416 768 507 813 utentur
517 771 588 813 gener.

128 831 165 875 llis
173 845 247 879 amor,
258 841 283 874 ut
292 842 400 887 repetant,
409 831 464 881 illis,
473 840 498 873 ut
507 831 596 873 reddere
604 830 690 882 nolint.

159 907 251 948 Suadet:
261 917 284 949 et
292 921 318 948 ex
326 919 392 948 eausa
401 915 486 962 pugnet
495 915 587 961 uterque
595 905 650 961 peri.

129 976 230 1033 Effugere
239 977 345 1023 OEbnlidee
354 992 422 1021 cursu
430 987 520 1033 potuere
530 986 655 1033 sequentes:

159 1053 199 1094 Sed
209 1053 279 1096 visunt
289 1053 352 1096 celeri
361 1054 447 1095 vincere
458 1061 521 1108 turpe
529 1051 589 1107 fuge.

130 1126 193 1168 Liber
201 1127 229 1167 ab
239 1127 353 1168 arboribus
363 1126 423 1168 locus
432 1135 475 1176 est,
485 1133 536 1181 apta
546 1137 596 1167 urea
604 1136 697 1180 pugno:

159 1199 304 1242 Constiterant
312 1198 368 1241 illic:
379 1212 461 1242 nomen
471 1197 570 1253 Aphidna
579 1195 636 1239 loeo.
673 1232 678 1246 ,

131 1276 218 1316 Pectora
229 1273 331 1328 trajectus
340 1275 424 1330 Lynceo
434 1275 510 1316 Castor
518 1273 547 1314 ab
556 1285 606 1315 enee

161 1349 210 1389 Non
220 1356 341 1404 exspectato
350 1346 439 1389 vulnere
448 1345 525 1402 pressit
534 1345 638 1387 humum.

133 1421 195 1464 Ultor
204 1422 264 1464 adest
272 1420 359 1471 Pollux,
369 1430 391 1464 et
400 1422 484 1478 Lynceo
493 1418 590 1476 perforat
598 1418 675 1469 hasta,

162 1497 210 1552 Qua
219 1494 289 1536 cervix
297 1494 402 1536 humeros
411 1493 539 1536 continuate
549 1491 637 1548 premit.

133 1569 181 1610 lbet
190 1567 213 1610 in
222 1568 281 1610 hunc
290 1568 350 1618 ldns,
360 1567 438 1622 vixque
447 1576 480 1608 est
488 1566 546 1608 lovis
555 1565 604 1621 igne
614 1566 730 1621 repulsus:

162 1640 212 1684 Tela
223 1651 296 1683 tamen
305 1640 384 1683 dextre
393 1638 487 1682 fulmine
496 1649 558 1695 rapta
567 1649 657 1694 negant.

133 1718 225 1772 lantque
235 1715 275 1758 tibi
284 1714 375 1765 coelunr,
385 1714 471 1762 Pollux,
479 1713 575 1756 sublime
583 1715 687 1768 putebet3

163 1793 250 1848 Quum,
259 1792 318 1841 lllea,
328 1789 411 1839 dixisti,
422 1788 508 1846 percipe
518 1789 596 1837 verba.
605 1798 677 1844 puter.

135 1865 198 1923 Quod
208 1863 262 1906 milri
271 1865 310 1906 des
319 1863 370 1912 uni,
380 1863 460 1905 eoelnrn
470 1861 659 1918 pertireduobus:

164 1937 283 1980 Dimidium
294 1946 341 1980 toto
350 1950 442 1978 munere
451 1935 524 1991 majus
533 1935 581 1979 erit.

136 2010 203 2059 uixit,
211 2018 234 2051 et
241 2008 324 2052 alterna
333 2007 424 2052 fratrem
433 2008 527 2051 statione
536 2007 641 2051 redemit:

166 2080 221 2123 Utile
230 2080 325 2124 sollicitet
334 2080 394 2124 sidus
404 2091 496 2137 uterque
505 2080 554 2123 ruti.
