1650 2584
129 210 169 249 ue
293 206 605 249 nnunniauuouts,
688 212 777 264 v.ss7.

126 298 152 339 Et
161 309 251 346 manus,
260 305 282 338 et
291 296 392 339 manibus
402 296 499 352 duplices
508 297 602 339 cecidere
613 296 700 341 tabellae
709 316 714 341 :

158 370 223 412 Venit
232 369 255 411 in
264 369 389 426 amplexus:
399 380 464 425 atque
474 371 516 422 ita,
526 370 612 422 Vincis,
621 371 660 415 ait.

129 443 220 500 (Tutius
229 453 271 495 est,
281 453 401 498 aptumque
411 443 491 499 magis,
501 444 609 486 discedere
618 458 686 500 pace,

158 519 229 574 Quam
239 528 311 572 petere
321 531 334 558 a
344 515 445 558 thalamis
455 516 547 572 litigiosa
557 516 626 573 fora.)

128 593 219 634 Munera
227 606 275 647 quae
284 591 379 641 dederis,
388 591 468 633 babeat
476 590 522 634 sine
531 591 569 633 lite
574 591 656 648 jubeto
665 609 670 635 :

158 668 206 707 Esse
215 664 284 707 solent
293 679 373 720 magno
382 665 463 706 damna
473 664 559 707 minora
569 666 636 708 bono.

127 738 190 796 Quod
199 738 217 779 si
227 752 264 780 vos
274 737 351 793 aliquis
360 738 467 780 conducet
476 751 538 780 casus
547 738 569 780 in
580 752 666 790 unum,

158 815 228 854 Mente
238 825 323 853 mernor
333 821 388 862 tota,
399 825 447 867 qum
455 812 534 854 damus
544 826 616 862 arma,
628 822 687 856 tene.

127 886 190 927 Nunc
200 899 255 940 opus
264 894 296 927 est
304 884 383 926 armis:
394 884 440 933 hic,
450 897 464 930 a
473 883 600 936 fortissime,
610 899 695 942 pugna.

158 960 269 1002 Vincenda
277 969 309 1001 est
318 959 360 1001 telo
370 957 503 1001 Penthesilea
513 968 559 1000 tuo.

127 1035 191 1076 Nune
201 1032 240 1074 tibi
250 1031 332 1082 rivalis,
341 1045 400 1073 nune
412 1031 495 1073 durum
504 1031 582 1082 limen,
593 1032 692 1074 amanti:

155 1111 220 1151 Nunc
230 1107 306 1150 mediis
314 1108 407 1149 subeant
416 1106 477 1148 irrita
487 1107 551 1149 verba
561 1106 615 1148 Deis.

126 1186 170 1227 Nee
180 1195 286 1237 compone
295 1195 380 1232 comas,
389 1180 441 1236 quia
452 1180 480 1221 sis
489 1189 594 1222 venturus
604 1181 632 1222 ad
643 1179 717 1223 illam:

155 1259 199 1299 Nee
210 1267 259 1312 toga
268 1256 295 1298 sit
304 1255 352 1298 laxo
363 1254 514 1311 conspicienda
523 1254 580 1297 sinu.

127 1331 192 1376 Nulla
202 1331 229 1374 sit
239 1341 264 1373 ut
272 1330 356 1386 placeas
365 1330 439 1372 aliena
449 1343 502 1372 cura
510 1328 598 1385 puellae:

155 1407 204 1447 lam
215 1403 279 1446 facito
288 1418 300 1446 e
310 1402 385 1445 multis
395 1416 439 1444 una
449 1402 476 1444 sit
484 1402 522 1452 illa
531 1401 577 1444 tibi.

126 1479 166 1521 Sed
175 1477 228 1534 quid
236 1477 343 1533 praecipue
352 1475 430 1518 nostris
440 1475 553 1517 conatibus
563 1476 647 1527 obstet,

75 1570 82 1583 ⁴
154 1553 258 1609 Eloquar;
268 1551 366 1607 exemplo
375 1563 485 1606 quemque
494 1550 584 1591 docente
596 1563 645 1592 suo.

126 1629 246 1672 Desinimus
257 1629 326 1676 tarde,
336 1627 387 1683 quia
397 1640 437 1667 nos
446 1638 558 1680 speramus
570 1625 649 1668 amari.

155 1705 212 1745 Dum
221 1701 262 1744 sibi
271 1702 362 1757 quisque
371 1700 452 1756 placet,
461 1698 549 1741 credula
559 1700 625 1741 turba
634 1714 721 1744 sumus.

126 1777 153 1819 dt
163 1786 187 1818 tu
196 1789 235 1816 nec
245 1788 306 1815 voces
317 1773 382 1830 (quid
392 1772 451 1815 onim
460 1771 559 1814 fallacius
567 1770 635 1829 illisi)

155 1850 232 1900 Crede,
242 1863 281 1891 nec
291 1859 381 1891 aeternos
389 1848 475 1903 pondus
485 1848 564 1889 habere
573 1848 635 1890 Deos.

127 1927 184 1968 Neve
193 1923 315 1980 puellarum
325 1923 425 1980 lacrymis
435 1936 534 1964 moveare
544 1932 632 1964 caveto:

157 2000 182 2038 Ut
192 1996 277 2044 flerent,
288 1995 361 2037 oculos
371 1995 468 2038 erudiere
478 2009 535 2037 suos.

126 2069 212 2111 Artibus
222 2069 342 2109 innumeris
352 2081 412 2109 mens
422 2077 561 2123 oppugnatur
569 2079 700 2122 amantum3

155 2144 182 2184 Ut
192 2141 245 2196 lapis
254 2141 357 2196 equoreis
367 2141 463 2197 undique
472 2141 548 2197 pulsus
556 2140 626 2196 aquis.

127 2213 171 2256 Nec
180 2227 256 2256 causas
264 2213 335 2269 aperi,
344 2227 411 2268 quare
420 2214 513 2259 divortia
521 2212 595 2257 malis:
