1650 2584
56 227 81 255 v.
95 215 144 256 360.
298 215 398 256 tttnlt
416 216 458 256 VI.
655 216 695 257 335

90 302 186 357 Jupiter?
195 302 250 344 hanc
261 302 322 344 terris
332 302 474 357 impositurus
484 306 541 343 eras!

55 377 153 429 Jamque
162 375 310 423 suburbanos,
321 376 466 429 Hetruseaque
476 372 575 416 contudit
584 386 655 415 arma:

88 451 140 504 Spes
150 449 227 490 eratin
236 461 311 498 cursu;
324 462 382 489 nune
393 450 444 489 Lare
453 448 514 503 pulsa
524 461 564 489 suo
573 455 610 489 est.

57 522 162 565 Vidimus
171 532 269 572 ornatos,
279 530 342 563 aerata
353 535 391 576 per
400 521 464 567 atria.
478 521 535 576 picta

89 597 165 644 Veste,
175 594 316 651 triumphales
325 594 452 636 occubuisse
461 607 528 637 senes.
556 606 560 615 ·

60 666 163 710 Vidimus
173 667 240 709 nisce
251 666 360 710 transferri
372 667 463 722 pignora
472 667 540 708 Veste

90 742 154 783 Sede:
164 751 243 798 putant
252 741 335 797 aliquos
344 740 425 782 scilicet
434 754 478 782 esse
487 742 552 782 Deost

58 816 86 857 At
96 813 114 855 si
124 814 264 869 respicerent,
273 828 316 870 qun
326 828 363 856 vos
373 812 474 856 habitatis
483 812 505 854 in
516 826 575 865 arce,

88 889 172 941 Totque
181 889 258 931 domos
268 898 348 930 vestras
356 887 468 929 obsidione
478 887 557 942 premi;

57 960 94 1003 Nil
104 960 152 1016 opis
161 961 183 1003 in
193 974 245 1003 cura
254 960 333 1003 scirent
342 973 452 1016 superesse
462 961 570 1010 Deorum,

85 1035 111 1077 Et
121 1035 170 1077 data
179 1035 269 1078 sollicita
279 1045 329 1080 tura
338 1035 408 1091 perire
419 1049 493 1077 manu.

54 1110 126 1162 Atque
136 1108 220 1150 utinam
230 1122 307 1164 pugnae
317 1119 389 1164 pateat
397 1108 470 1150 locus!
481 1121 544 1150 arma
553 1117 675 1164 capessant;

86 1181 123 1230 Et,
132 1180 150 1221 si
160 1193 203 1222 nou
213 1191 315 1237 poterunt
324 1195 462 1238 exsuperare,
473 1182 557 1224 cadant.

53 1257 121 1297 Nunc
131 1254 205 1310 inopes
214 1256 294 1307 victus,
304 1257 423 1313 ignavaque
433 1256 477 1300 fata
487 1256 597 1306 timentes,

85 1331 159 1370 Monte
167 1343 207 1372 suo
216 1330 299 1373 clausos
309 1332 400 1373 barbara
410 1334 474 1374 turba
484 1331 571 1388 premit.
579 1348 590 1370 u

54 1406 71 1446 t
73 1416 114 1444 um
124 1404 209 1452 Venus,
218 1414 240 1446 et
248 1404 302 1446 lituo
312 1404 402 1460 pulcher
411 1406 528 1461 trabeaque
536 1405 649 1462 Quirinus,

85 1476 194 1531 Vestaque
203 1490 242 1531 pro
252 1476 311 1519 Latio
321 1476 391 1519 muita
400 1477 474 1520 iocuta
482 1492 529 1520 suo.

54 1548 174 1600 «Publica,
184 1550 306 1605 respondit,
315 1564 367 1592 eura
376 1561 409 1593 est
418 1564 457 1607 pro
467 1551 575 1594 moenibus
584 1551 640 1604 istis,

81 1622 180 1678 Jupiter:
190 1633 211 1665 et
220 1636 293 1679 poenas
301 1623 369 1666 Gallia
378 1625 434 1668 victa
443 1625 509 1668 dabit.

51 1700 86 1743 Tu
96 1698 176 1749 modo,
184 1711 233 1753 quae
242 1697 320 1741 desunt
330 1697 413 1755 fruges,
423 1713 532 1755 superesse
541 1709 648 1756 putentur,

80 1771 160 1814 Effice:
170 1785 210 1813 nec
220 1771 279 1814 sedes
289 1771 372 1823 desere,
383 1774 459 1824 Vesta,
470 1783 524 1817 tuas.

49 1846 202 1905 Quodcunque
211 1855 243 1887 est
251 1846 332 1888 Cereris
341 1846 425 1898 solidae,
435 1861 488 1890 cavo
498 1848 598 1891 machine
607 1847 698 1906 frangam

79 1919 230 1976 Mollitarrrque
240 1934 307 1962 manu
317 1922 381 1964 duret
389 1921 412 1963 in
423 1921 473 1977 igne
481 1920 550 1964 focus.
558 1940 570 1961 n

48 1998 158 2038 tesserae:
168 2004 190 2036 et
199 1993 272 2036 fratris
282 1993 341 2050 virgo
350 1995 451 2037 Saturnia
457 1994 524 2050 jussis

77 2067 169 2117 Adonin
179 2077 201 2110 et
210 2067 286 2110 medie
295 2078 393 2125 tempora
402 2068 473 2112 noctis
482 2079 550 2113 erant.

48 2146 98 2186 lam
108 2141 200 2184 ducibus
209 2155 314 2184 somnum
324 2142 412 2185 dederat
420 2141 496 2185 labor:
506 2141 656 2200 increpatiiios

78 2215 168 2271 Jupiter,
178 2224 199 2257 et
208 2229 280 2267 sacro,
289 2215 341 2271 quid
351 2214 413 2269 velit,
423 2229 460 2258 ore
470 2215 547 2258 docet:

582 2301 611 2327 Ἠ.
