1650 2584
97 200 136 253 212*
323 211 504 253 rrsrornrr
666 226 687 253 v.
701 228 738 254 2..

96 304 151 344 Mars
160 301 292 349 viderhem,
301 302 412 357 visamque
422 302 492 358 cupit,
502 301 628 357 potiturque
637 304 753 359 cupitam,

124 378 150 418 Et
159 389 199 418 sua
207 374 279 417 divina
289 374 346 418 turta
355 374 434 418 ieieiiit
442 389 489 431 ope.

94 448 188 491 Semnus
196 443 242 491 abit
248 464 252 489 :
258 448 316 504 jacet
324 447 360 490 iila
370 450 446 503 gravis.
455 450 504 491 Jam
513 449 593 492 scilieet
601 449 659 492 intra

126 521 223 572 Viscera,
233 524 334 565 Romane
344 521 443 563 conditor
452 522 525 571 urhis,
534 536 588 565 eras.

96 594 205 649 Languida
214 592 335 647 consurgit,
343 606 383 634 nec
392 594 433 635 scit
441 607 480 635 cur
489 592 590 649 languida
599 603 684 649 sargan

125 671 152 710 Et
161 668 244 724 peragit
252 666 305 709 tales
314 668 391 710 arbore
401 667 451 709 nixa
460 681 524 710 sonos
532 685 536 709 :

97 742 151 785 Utile
160 742 188 784 sit
197 741 348 796 faustumque,
357 754 444 798 precor,
453 742 513 796 quod
522 740 616 797 imagine
624 742 697 783 somni

126 814 226 857 Vidimus
236 829 240 839 ·
252 827 280 855 an
289 826 367 855 somno
376 813 455 856 clarius
464 813 518 855 illud
527 825 580 857 erat.

95 886 184 945 ignibus
193 887 260 930 iliacis
267 887 366 939 aderam,
376 901 446 943 quum
457 886 516 942 lapsa
524 887 606 945 capillis

125 960 207 1002 Decidit
214 969 264 1002 ante
272 972 345 1001 sacros
352 959 414 1002 lanea
424 959 477 1002 vitta
487 958 555 1002 iocos.

97 1035 149 1077 Inde
158 1035 207 1076 dua
215 1033 307 1090 pariter,
317 1033 364 1075 risu
374 1033 484 1075 mirabile!
496 1032 573 1088 palme

125 1110 226 1164 Surgunt.
237 1110 264 1150 Ex
274 1106 315 1149 iliis
324 1106 390 1149 altera
400 1107 473 1163 major
481 1118 538 1159 erat3

96 1186 121 1227 Et
131 1183 230 1239 gravibus
242 1181 308 1223 ramis
318 1191 389 1224 totum
398 1192 521 1237 protexerat
530 1183 616 1233 orbern,

122 1258 288 1313 Contigeratque
296 1269 352 1298 nova
360 1256 430 1299 sidera
438 1270 525 1299 summa
535 1271 604 1300 coma.

96 1334 149 1375 Ecce
159 1343 220 1372 meus
231 1327 314 1371 ferrum
324 1338 416 1384 patruus
425 1327 516 1371 molitur
525 1329 547 1371 in
557 1329 610 1371 iiias.

125 1405 214 1447 'serreor
223 1401 348 1449 admonitu,
358 1414 439 1456 corque
448 1402 526 1444 timore
535 1401 608 1445 micat

96 1478 172 1522 Martia
181 1477 241 1520 Picus
251 1476 295 1518 avis
304 1476 391 1532 gemino
400 1489 440 1531 pro
449 1476 521 1531 stipite
530 1487 639 1532 pugnant,

125 1554 151 1595 Et
159 1553 229 1607 Lupa:
239 1559 286 1592 tuta
298 1563 335 1604 per
345 1549 384 1590 hos
392 1558 486 1604 utraque
495 1547 568 1604 palma
577 1548 627 1592 ruit.

97 1625 190 1667 Dixerat:
202 1632 224 1665 et
232 1621 319 1677 pieriam
329 1634 373 1663 non
383 1619 453 1662 firmis
463 1620 544 1662 viribus
553 1634 633 1663 urnam

125 1696 222 1740 Sustulit.
231 1693 345 1750 implerat,
354 1695 409 1736 dum
419 1707 457 1735 aua
467 1694 512 1740 visa
521 1694 591 1737 refert.

96 1849 190 1889 lrrmt
200 1852 307 1886 crescente
316 1843 393 1892 nemo,
403 1850 511 1883 crescente
520 1841 623 1899 Quirine,

124 1918 206 1963 Coelesti
217 1918 314 1959 tumidus
323 1917 417 1972 pondere
426 1926 500 1958 venter
508 1925 560 1959 erat.

96 1996 144 2053 Quo
154 1991 227 2034 minus
236 1989 331 2032 emeritis
340 1989 406 2031 exiret
415 1989 515 2031 cursibus
524 2002 606 2041 annus,

125 2067 240 2112 Restabant
251 2065 320 2107 nitido
326 2063 374 2120 jam
384 2065 429 2106 duo
439 2063 499 2119 sidua
508 2066 557 2106 Deo.

97 2142 165 2201 Sylvia
176 2139 200 2181 iit
209 2147 284 2180 mater.
297 2138 363 2180 Vestae
372 2136 490 2179 simulacra
500 2136 602 2180 feruntur

129 2210 236 2265 Virgineus
245 2208 313 2250 oculis
323 2209 446 2264 opposuisse
457 2222 548 2251 marrus:
