<?xml version="1.0" encoding="UTF-8"?>
<!DOCTYPE html PUBLIC "-//W3C//DTD XHTML 1.0 Transitional//EN"
    "http://www.w3.org/TR/xhtml1/DTD/xhtml1-transitional.dtd">
<html xmlns="http://www.w3.org/1999/xhtml" xml:lang="en" lang="en">
 <head>
  <title>
</title>
<meta http-equiv="Content-Type" content="text/html;charset=utf-8" />
  <meta name='ocr-system' content='tesseract 3.04.00' />
  <meta name='ocr-capabilities' content='ocr_page ocr_carea ocr_par ocr_line ocrx_word'/>
</head>
<body>
  <div class='ocr_page' id='page_1' title='image "./opera01accugoog_0042.png"; bbox 0 0 1650 2584; ppageno 0'>
   <div class='ocr_carea' id='block_1_1' title="bbox 124 180 766 234">
    <p class='ocr_par' dir='ltr' id='par_1_1' title="bbox 124 180 766 234">
     <span class='ocr_line' id='line_1_1' title="bbox 124 180 766 234; baseline 0.002 -11"><span class='ocrx_word' id='word_1_1' title='bbox 124 180 153 234; x_wconf 71' lang='lat'>40</span> <span class='ocrx_word' id='word_1_2' title='bbox 293 181 391 224; x_wconf 66' lang='grc' dir='ltr'>ητις</span> <span class='ocrx_word' id='word_1_3' title='bbox 410 181 595 224; x_wconf 74' lang='lat' dir='ltr'>suasorie</span> <span class='ocrx_word' id='word_1_4' title='bbox 698 197 766 226; x_wconf 66' lang='lat' dir='ltr'>ma.</span> 
     </span>
    </p>
   </div>
   <div class='ocr_carea' id='block_1_2' title="bbox 124 270 708 912">
    <p class='ocr_par' dir='ltr' id='par_1_2' title="bbox 154 270 556 328">
     <span class='ocr_line' id='line_1_2' title="bbox 154 270 556 328; baseline 0.007 -16"><span class='ocrx_word' id='word_1_5' title='bbox 154 270 263 313; x_wconf 77' lang='lat' dir='ltr'><strong>Audacem</strong></span> <span class='ocrx_word' id='word_1_6' title='bbox 272 272 348 328; x_wconf 90' lang='lat' dir='ltr'>pennis</span> <span class='ocrx_word' id='word_1_7' title='bbox 357 273 438 328; x_wconf 91' lang='lat' dir='ltr'>reperit</span> <span class='ocrx_word' id='word_1_8' title='bbox 445 272 482 314; x_wconf 82' lang='lat' dir='ltr'>ille</span> <span class='ocrx_word' id='word_1_9' title='bbox 490 273 556 315; x_wconf 84' lang='lat' dir='ltr'>viam.</span> 
     </span>
    </p>

    <p class='ocr_par' dir='ltr' id='par_1_3' title="bbox 125 342 708 473">
     <span class='ocr_line' id='line_1_3' title="bbox 125 342 671 401; baseline 0.004 -15"><span class='ocrx_word' id='word_1_10' title='bbox 125 342 222 386; x_wconf 71' lang='lat' dir='ltr'>uadatus</span> <span class='ocrx_word' id='word_1_11' title='bbox 232 354 257 387; x_wconf 89' lang='lat' dir='ltr'>ut</span> <span class='ocrx_word' id='word_1_12' title='bbox 266 343 343 387; x_wconf 86' lang='lat' dir='ltr'>clausit</span> <span class='ocrx_word' id='word_1_13' title='bbox 351 354 482 401; x_wconf 86' lang='lat' dir='ltr'>conceptum</span> <span class='ocrx_word' id='word_1_14' title='bbox 491 345 584 387; x_wconf 89' lang='lat' dir='ltr'>crimine</span> <span class='ocrx_word' id='word_1_15' title='bbox 594 345 671 388; x_wconf 81' lang='lat' dir='ltr'>matris</span> 
     </span>
     <span class='ocr_line' id='line_1_4' title="bbox 154 415 708 473; baseline 0.007 -16"><span class='ocrx_word' id='word_1_16' title='bbox 154 415 333 472; x_wconf 87' lang='lat' dir='ltr'>Semibovemque</span> <span class='ocrx_word' id='word_1_17' title='bbox 342 416 426 467; x_wconf 83' lang='lat' dir='ltr'>virum,</span> <span class='ocrx_word' id='word_1_18' title='bbox 436 417 607 473; x_wconf 87' lang='lat' dir='ltr'>semivirumque</span> <span class='ocrx_word' id='word_1_19' title='bbox 616 419 708 470; x_wconf 84' lang='lat' dir='ltr'>bovem;</span> 
     </span>
    </p>

    <p class='ocr_par' dir='ltr' id='par_1_4' title="bbox 126 487 635 619">
     <span class='ocr_line' id='line_1_5' title="bbox 126 487 635 545; baseline 0.006 -16"><span class='ocrx_word' id='word_1_20' title='bbox 126 487 157 530; x_wconf 87' lang='lat' dir='ltr'>Sit</span> <span class='ocrx_word' id='word_1_21' title='bbox 166 488 245 529; x_wconf 87' lang='lat' dir='ltr'>modus</span> <span class='ocrx_word' id='word_1_22' title='bbox 254 488 338 540; x_wconf 82' lang='lat' dir='ltr'>exsilio,</span> <span class='ocrx_word' id='word_1_23' title='bbox 349 488 413 540; x_wconf 80' lang='lat' dir='ltr'><strong>dixit,</strong></span> <span class='ocrx_word' id='word_1_24' title='bbox 420 488 541 545; x_wconf 79' lang='lat' dir='ltr'>justissime</span> <span class='ocrx_word' id='word_1_25' title='bbox 551 490 635 532; x_wconf 86' lang='lat' dir='ltr'>Minos:</span> 
     </span>
     <span class='ocr_line' id='line_1_6' title="bbox 153 562 579 619; baseline 0.005 -15"><span class='ocrx_word' id='word_1_26' title='bbox 153 562 248 618; x_wconf 74' lang='lat' dir='ltr'>Accipiat</span> <span class='ocrx_word' id='word_1_27' title='bbox 256 562 337 606; x_wconf 88' lang='lat' dir='ltr'>eineres</span> <span class='ocrx_word' id='word_1_28' title='bbox 347 572 403 606; x_wconf 89' lang='lat' dir='ltr'>terra</span> <span class='ocrx_word' id='word_1_29' title='bbox 413 573 503 619; x_wconf 90' lang='lat' dir='ltr'>paterna</span> <span class='ocrx_word' id='word_1_30' title='bbox 512 578 579 606; x_wconf 86' lang='lat' dir='ltr'>meos.</span> 
     </span>
    </p>

    <p class='ocr_par' dir='ltr' id='par_1_5' title="bbox 124 635 650 766">
     <span class='ocr_line' id='line_1_7' title="bbox 124 635 650 694; baseline 0.004 -15"><span class='ocrx_word' id='word_1_31' title='bbox 124 636 150 679; x_wconf 86' lang='lat' dir='ltr'>Et</span> <span class='ocrx_word' id='word_1_32' title='bbox 159 635 263 690; x_wconf 89' lang='lat' dir='ltr'>quoniam</span> <span class='ocrx_word' id='word_1_33' title='bbox 272 635 296 678; x_wconf 93' lang='lat' dir='ltr'>in</span> <span class='ocrx_word' id='word_1_34' title='bbox 305 637 385 692; x_wconf 85' lang='lat' dir='ltr'>patria,</span> <span class='ocrx_word' id='word_1_35' title='bbox 395 636 445 678; x_wconf 82' lang='lat' dir='ltr'>fatis</span> <span class='ocrx_word' id='word_1_36' title='bbox 454 637 547 693; x_wconf 85' lang='lat' dir='ltr'>agitatus</span> <span class='ocrx_word' id='word_1_37' title='bbox 557 638 650 694; x_wconf 88' lang='lat' dir='ltr'>iniquis,</span> 
     </span>
     <span class='ocr_line' id='line_1_8' title="bbox 154 707 619 766; baseline 0.009 -16"><span class='ocrx_word' id='word_1_38' title='bbox 154 707 231 750; x_wconf 81' lang='lat' dir='ltr'>Vivere</span> <span class='ocrx_word' id='word_1_39' title='bbox 241 722 286 750; x_wconf 88' lang='lat' dir='ltr'>non</span> <span class='ocrx_word' id='word_1_40' title='bbox 295 709 357 764; x_wconf 87' lang='lat' dir='ltr'>potui</span> <span class='ocrx_word' id='word_1_41' title='bbox 365 742 371 761; x_wconf 88' lang='lat'>,</span> <span class='ocrx_word' id='word_1_42' title='bbox 380 709 409 752; x_wconf 91' lang='lat' dir='ltr'>sit</span> <span class='ocrx_word' id='word_1_43' title='bbox 418 710 473 752; x_wconf 90' lang='lat' dir='ltr'>mihi</span> <span class='ocrx_word' id='word_1_44' title='bbox 483 724 544 766; x_wconf 88' lang='lat' dir='ltr'>posse</span> <span class='ocrx_word' id='word_1_45' title='bbox 554 711 619 755; x_wconf 86' lang='lat' dir='ltr'>mori.</span> 
     </span>
    </p>

    <p class='ocr_par' dir='ltr' id='par_1_6' title="bbox 124 783 629 912">
     <span class='ocr_line' id='line_1_9' title="bbox 124 783 629 840; baseline 0.002 -14"><span class='ocrx_word' id='word_1_46' title='bbox 124 784 155 826; x_wconf 84' lang='lat' dir='ltr'>Da</span> <span class='ocrx_word' id='word_1_47' title='bbox 165 783 259 826; x_wconf 89' lang='lat' dir='ltr'>reditum</span> <span class='ocrx_word' id='word_1_48' title='bbox 269 796 349 839; x_wconf 90' lang='lat' dir='ltr'>puero,</span> <span class='ocrx_word' id='word_1_49' title='bbox 358 783 414 825; x_wconf 87' lang='lat' dir='ltr'>senis</span> <span class='ocrx_word' id='word_1_50' title='bbox 424 793 456 826; x_wconf 89' lang='lat' dir='ltr'>est</span> <span class='ocrx_word' id='word_1_51' title='bbox 464 784 482 826; x_wconf 89' lang='lat' dir='ltr'>si</span> <span class='ocrx_word' id='word_1_52' title='bbox 491 784 559 840; x_wconf 87' lang='lat' dir='ltr'>gratia</span> <span class='ocrx_word' id='word_1_53' title='bbox 568 784 615 827; x_wconf 85' lang='lat' dir='ltr'>vilis</span> <span class='ocrx_word' id='word_1_54' title='bbox 624 802 629 826; x_wconf 93' lang='lat'>:</span> 
     </span>
     <span class='ocr_line' id='line_1_10' title="bbox 153 855 586 912; baseline 0.002 -14"><span class='ocrx_word' id='word_1_55' title='bbox 153 855 174 899; x_wconf 89' lang='lat' dir='ltr'>si</span> <span class='ocrx_word' id='word_1_56' title='bbox 183 869 228 898; x_wconf 85' lang='lat' dir='ltr'>non</span> <span class='ocrx_word' id='word_1_57' title='bbox 238 856 269 898; x_wconf 88' lang='lat' dir='ltr'>vis</span> <span class='ocrx_word' id='word_1_58' title='bbox 278 869 345 912; x_wconf 89' lang='lat' dir='ltr'>puero</span> <span class='ocrx_word' id='word_1_59' title='bbox 354 869 452 912; x_wconf 82' lang='lat' dir='ltr'>parcere,</span> <span class='ocrx_word' id='word_1_60' title='bbox 462 870 525 912; x_wconf 89' lang='lat' dir='ltr'>parce</span> <span class='ocrx_word' id='word_1_61' title='bbox 534 858 586 899; x_wconf 88' lang='lat' dir='ltr'>seni.</span> 
     </span>
    </p>
   </div>
   <div class='ocr_carea' id='block_1_3' title="bbox 55 924 693 987">
    <p class='ocr_par' dir='ltr' id='par_1_7' title="bbox 55 924 693 987">
     <span class='ocr_line' id='line_1_11' title="bbox 55 924 693 987; baseline 0.002 -14"><span class='ocrx_word' id='word_1_62' title='bbox 55 924 58 929; x_wconf 60' lang='grc'><em>’</em></span> <span class='ocrx_word' id='word_1_63' title='bbox 125 931 211 973; x_wconf 79' lang='lat' dir='ltr'>Dixerat</span> <span class='ocrx_word' id='word_1_64' title='bbox 220 931 272 973; x_wconf 81' lang='lat' dir='ltr'>htec.</span> <span class='ocrx_word' id='word_1_65' title='bbox 281 931 322 973; x_wconf 89' lang='lat' dir='ltr'>Sed</span> <span class='ocrx_word' id='word_1_66' title='bbox 331 939 353 973; x_wconf 91' lang='lat' dir='ltr'>et</span> <span class='ocrx_word' id='word_1_67' title='bbox 362 931 419 983; x_wconf 76' lang='lat' dir='ltr'>haec,</span> <span class='ocrx_word' id='word_1_68' title='bbox 428 941 450 973; x_wconf 88' lang='lat' dir='ltr'>et</span> <span class='ocrx_word' id='word_1_69' title='bbox 459 930 530 973; x_wconf 79' lang='lat' dir='ltr'>muita</span> <span class='ocrx_word' id='word_1_70' title='bbox 539 932 603 987; x_wconf 91' lang='lat' dir='ltr'>plura</span> <span class='ocrx_word' id='word_1_71' title='bbox 613 931 693 975; x_wconf 80' lang='lat' dir='ltr'>licebat</span> 
     </span>
    </p>
   </div>
   <div class='ocr_carea' id='block_1_4' title="bbox 124 1003 753 1282">
    <p class='ocr_par' dir='ltr' id='par_1_8' title="bbox 155 1003 593 1060">
     <span class='ocr_line' id='line_1_12' title="bbox 155 1003 593 1060; baseline 0 -14"><span class='ocrx_word' id='word_1_72' title='bbox 155 1004 239 1047; x_wconf 84' lang='lat' dir='ltr'>Dicere:</span> <span class='ocrx_word' id='word_1_73' title='bbox 250 1018 357 1060; x_wconf 78' lang='lat' dir='ltr'>regressus</span> <span class='ocrx_word' id='word_1_74' title='bbox 366 1018 411 1047; x_wconf 91' lang='lat' dir='ltr'>non</span> <span class='ocrx_word' id='word_1_75' title='bbox 421 1005 487 1046; x_wconf 83' lang='lat' dir='ltr'>dabat</span> <span class='ocrx_word' id='word_1_76' title='bbox 495 1003 531 1046; x_wconf 90' lang='lat' dir='ltr'>iile</span> <span class='ocrx_word' id='word_1_77' title='bbox 540 1005 593 1046; x_wconf 88' lang='lat' dir='ltr'>viro.</span> 
     </span>
    </p>

    <p class='ocr_par' dir='ltr' id='par_1_9' title="bbox 126 1077 753 1209">
     <span class='ocr_line' id='line_1_13' title="bbox 126 1077 753 1137; baseline 0.005 -18"><span class='ocrx_word' id='word_1_78' title='bbox 126 1079 188 1137; x_wconf 77' lang='lat' dir='ltr'>Quod</span> <span class='ocrx_word' id='word_1_79' title='bbox 198 1077 264 1120; x_wconf 88' lang='lat' dir='ltr'>simul</span> <span class='ocrx_word' id='word_1_80' title='bbox 273 1092 298 1120; x_wconf 87' lang='lat' dir='ltr'>ac</span> <span class='ocrx_word' id='word_1_81' title='bbox 307 1077 383 1130; x_wconf 80' lang='lat' dir='ltr'>sensit,</span> <span class='ocrx_word' id='word_1_82' title='bbox 393 1080 469 1129; x_wconf 87' lang='lat' dir='ltr'>Nune,</span> <span class='ocrx_word' id='word_1_83' title='bbox 479 1093 492 1121; x_wconf 87' lang='grc' dir='ltr'>ο</span> <span class='ocrx_word' id='word_1_84' title='bbox 502 1093 573 1131; x_wconf 88' lang='lat' dir='ltr'>nunc,</span> <span class='ocrx_word' id='word_1_85' title='bbox 582 1079 677 1131; x_wconf 69' lang='lat' dir='ltr'>Dedale,</span> <span class='ocrx_word' id='word_1_86' title='bbox 686 1079 753 1133; x_wconf 80' lang='lat' dir='ltr'>dixit,</span> 
     </span>
     <span class='ocr_line' id='line_1_14' title="bbox 155 1152 598 1209; baseline 0.002 -15"><span class='ocrx_word' id='word_1_87' title='bbox 155 1152 279 1203; x_wconf 75' lang='lat' dir='ltr'>Materiam,</span> <span class='ocrx_word' id='word_1_88' title='bbox 288 1166 332 1207; x_wconf 84' lang='lat' dir='ltr'>qua</span> <span class='ocrx_word' id='word_1_89' title='bbox 341 1152 369 1195; x_wconf 84' lang='lat' dir='ltr'>sis</span> <span class='ocrx_word' id='word_1_90' title='bbox 378 1152 513 1209; x_wconf 87' lang='lat' dir='ltr'>ingeniosus,</span> <span class='ocrx_word' id='word_1_91' title='bbox 525 1154 598 1195; x_wconf 85' lang='lat' dir='ltr'>habes.</span> 
     </span>
    </p>

    <p class='ocr_par' dir='ltr' id='par_1_10' title="bbox 124 1225 667 1282">
     <span class='ocr_line' id='line_1_15' title="bbox 124 1225 667 1282; baseline -0.004 -14"><span class='ocrx_word' id='word_1_92' title='bbox 124 1225 220 1268; x_wconf 87' lang='lat' dir='ltr'>Possidet</span> <span class='ocrx_word' id='word_1_93' title='bbox 229 1239 255 1267; x_wconf 93' lang='lat' dir='ltr'>en</span> <span class='ocrx_word' id='word_1_94' title='bbox 267 1234 344 1277; x_wconf 87' lang='lat' dir='ltr'>terras,</span> <span class='ocrx_word' id='word_1_95' title='bbox 354 1236 376 1268; x_wconf 91' lang='lat' dir='ltr'>et</span> <span class='ocrx_word' id='word_1_96' title='bbox 385 1226 480 1282; x_wconf 88' lang='lat' dir='ltr'>possidet</span> <span class='ocrx_word' id='word_1_97' title='bbox 488 1240 575 1281; x_wconf 70' lang='lat' dir='ltr'>aequora</span> <span class='ocrx_word' id='word_1_98' title='bbox 585 1225 667 1268; x_wconf 83' lang='lat' dir='ltr'>Minos:</span> 
     </span>
    </p>
   </div>
   <div class='ocr_carea' id='block_1_5' title="bbox 124 1298 628 1417">
    <p class='ocr_par' dir='ltr' id='par_1_11' title="bbox 124 1298 628 1417">
     <span class='ocr_line' id='line_1_16' title="bbox 154 1298 628 1356; baseline -0.002 -14"><span class='ocrx_word' id='word_1_99' title='bbox 154 1302 199 1342; x_wconf 84' lang='lat' dir='ltr'>Nec</span> <span class='ocrx_word' id='word_1_100' title='bbox 209 1298 271 1342; x_wconf 84' lang='lat' dir='ltr'>tellus</span> <span class='ocrx_word' id='word_1_101' title='bbox 280 1309 369 1351; x_wconf 76' lang='lat' dir='ltr'>nostre,</span> <span class='ocrx_word' id='word_1_102' title='bbox 379 1314 419 1341; x_wconf 87' lang='lat' dir='ltr'>nee</span> <span class='ocrx_word' id='word_1_103' title='bbox 428 1309 487 1355; x_wconf 87' lang='lat' dir='ltr'>patet</span> <span class='ocrx_word' id='word_1_104' title='bbox 496 1300 556 1342; x_wconf 87' lang='lat' dir='ltr'>unda</span> <span class='ocrx_word' id='word_1_105' title='bbox 565 1298 628 1356; x_wconf 78' lang='lat' dir='ltr'>fuga.</span> 
     </span>
     <span class='ocr_line' id='line_1_17' title="bbox 124 1372 576 1417; baseline -0.002 -1"><span class='ocrx_word' id='word_1_106' title='bbox 124 1376 198 1417; x_wconf 79' lang='lat' dir='ltr'>Restat</span> <span class='ocrx_word' id='word_1_107' title='bbox 207 1373 248 1416; x_wconf 86' lang='lat' dir='ltr'>iter</span> <span class='ocrx_word' id='word_1_108' title='bbox 257 1373 321 1416; x_wconf 84' lang='lat' dir='ltr'>eoeio:</span> <span class='ocrx_word' id='word_1_109' title='bbox 333 1372 387 1416; x_wconf 85' lang='lat' dir='ltr'>caelo</span> <span class='ocrx_word' id='word_1_110' title='bbox 396 1374 530 1417; x_wconf 80' lang='lat' dir='ltr'>tentabimus</span> <span class='ocrx_word' id='word_1_111' title='bbox 538 1373 576 1417; x_wconf 90' lang='lat' dir='ltr'>ire.</span> 
     </span>
    </p>
   </div>
   <div class='ocr_carea' id='block_1_6' title="bbox 124 1446 769 2242">
    <p class='ocr_par' dir='ltr' id='par_1_12' title="bbox 124 1446 769 2242">
     <span class='ocr_line' id='line_1_18' title="bbox 154 1446 590 1502; baseline 0 -13"><span class='ocrx_word' id='word_1_112' title='bbox 154 1448 184 1489; x_wconf 86' lang='lat' dir='ltr'>Da</span> <span class='ocrx_word' id='word_1_113' title='bbox 193 1446 278 1488; x_wconf 86' lang='lat' dir='ltr'>veniam</span> <span class='ocrx_word' id='word_1_114' title='bbox 288 1455 367 1502; x_wconf 87' lang='lat' dir='ltr'>eoepto,</span> <span class='ocrx_word' id='word_1_115' title='bbox 376 1447 461 1502; x_wconf 82' lang='lat' dir='ltr'>Jupiter</span> <span class='ocrx_word' id='word_1_116' title='bbox 469 1446 523 1499; x_wconf 86' lang='lat' dir='ltr'>alte,</span> <span class='ocrx_word' id='word_1_117' title='bbox 533 1460 590 1489; x_wconf 86' lang='lat' dir='ltr'>meo.</span> 
     </span>
     <span class='ocr_line' id='line_1_19' title="bbox 125 1518 593 1576; baseline -0.002 -13"><span class='ocrx_word' id='word_1_118' title='bbox 125 1522 175 1563; x_wconf 82' lang='lat' dir='ltr'>Non</span> <span class='ocrx_word' id='word_1_119' title='bbox 185 1533 224 1576; x_wconf 92' lang='lat' dir='ltr'>ego</span> <span class='ocrx_word' id='word_1_120' title='bbox 234 1519 326 1562; x_wconf 87' lang='lat' dir='ltr'>sidereas</span> <span class='ocrx_word' id='word_1_121' title='bbox 335 1518 421 1562; x_wconf 79' lang='lat' dir='ltr'>adfecto</span> <span class='ocrx_word' id='word_1_122' title='bbox 430 1529 517 1576; x_wconf 86' lang='lat' dir='ltr'>tangere</span> <span class='ocrx_word' id='word_1_123' title='bbox 526 1521 593 1562; x_wconf 85' lang='lat' dir='ltr'>sedes.</span> 
     </span>
     <span class='ocr_line' id='line_1_20' title="bbox 153 1595 705 1655; baseline -0.005 -15"><span class='ocrx_word' id='word_1_124' title='bbox 153 1601 202 1655; x_wconf 79' lang='lat' dir='ltr'>Qua</span> <span class='ocrx_word' id='word_1_125' title='bbox 211 1597 294 1653; x_wconf 84' lang='lat' dir='ltr'>fugiam</span> <span class='ocrx_word' id='word_1_126' title='bbox 304 1596 420 1639; x_wconf 88' lang='lat' dir='ltr'>dominum</span> <span class='ocrx_word' id='word_1_127' title='bbox 429 1596 500 1647; x_wconf 89' lang='lat' dir='ltr'>nulia,</span> <span class='ocrx_word' id='word_1_128' title='bbox 509 1595 551 1638; x_wconf 87' lang='lat' dir='ltr'>nisi</span> <span class='ocrx_word' id='word_1_129' title='bbox 560 1595 612 1647; x_wconf 89' lang='lat' dir='ltr'>ista,</span> <span class='ocrx_word' id='word_1_130' title='bbox 621 1596 656 1637; x_wconf 81' lang='lat' dir='ltr'>via</span> <span class='ocrx_word' id='word_1_131' title='bbox 665 1606 705 1638; x_wconf 85' lang='lat' dir='ltr'>est.</span> 
     </span>
     <span class='ocr_line' id='line_1_21' title="bbox 124 1669 695 1730; baseline -0.011 -14"><span class='ocrx_word' id='word_1_132' title='bbox 124 1676 164 1716; x_wconf 88' lang='lat' dir='ltr'>Per</span> <span class='ocrx_word' id='word_1_133' title='bbox 173 1675 236 1730; x_wconf 84' lang='lat' dir='ltr'>Styga</span> <span class='ocrx_word' id='word_1_134' title='bbox 245 1672 310 1714; x_wconf 86' lang='lat' dir='ltr'>detur</span> <span class='ocrx_word' id='word_1_135' title='bbox 317 1671 371 1713; x_wconf 91' lang='lat' dir='ltr'>iter:</span> <span class='ocrx_word' id='word_1_136' title='bbox 381 1670 464 1728; x_wconf 76' lang='lat' dir='ltr'>Stygias</span> <span class='ocrx_word' id='word_1_137' title='bbox 473 1670 609 1712; x_wconf 85' lang='lat' dir='ltr'>tranabimus</span> <span class='ocrx_word' id='word_1_138' title='bbox 619 1669 695 1711; x_wconf 83' lang='lat' dir='ltr'>undas.</span> 
     </span>
     <span class='ocr_line' id='line_1_22' title="bbox 153 1743 591 1801; baseline -0.007 -13"><span class='ocrx_word' id='word_1_139' title='bbox 153 1746 200 1789; x_wconf 86' lang='lat' dir='ltr'>sint</span> <span class='ocrx_word' id='word_1_140' title='bbox 209 1744 263 1787; x_wconf 87' lang='lat' dir='ltr'>mihi</span> <span class='ocrx_word' id='word_1_141' title='bbox 273 1753 355 1787; x_wconf 82' lang='lat' dir='ltr'>natura</span> <span class='ocrx_word' id='word_1_142' title='bbox 360 1743 414 1801; x_wconf 83' lang='lat' dir='ltr'>jura</span> <span class='ocrx_word' id='word_1_143' title='bbox 423 1745 523 1787; x_wconf 85' lang='lat' dir='ltr'>novanda</span> <span class='ocrx_word' id='word_1_144' title='bbox 531 1758 591 1786; x_wconf 79' lang='lat' dir='ltr'>rneae.</span> 
     </span>
     <span class='ocr_line' id='line_1_23' title="bbox 125 1817 769 1876; baseline -0.005 -14"><span class='ocrx_word' id='word_1_145' title='bbox 125 1819 239 1876; x_wconf 82' lang='lat' dir='ltr'>Ingenium</span> <span class='ocrx_word' id='word_1_146' title='bbox 249 1818 308 1860; x_wconf 84' lang='lat' dir='ltr'>mala</span> <span class='ocrx_word' id='word_1_147' title='bbox 316 1832 371 1874; x_wconf 82' lang='lat' dir='ltr'>saepe</span> <span class='ocrx_word' id='word_1_148' title='bbox 381 1826 476 1860; x_wconf 83' lang='lat' dir='ltr'>movent.</span> <span class='ocrx_word' id='word_1_149' title='bbox 486 1817 538 1875; x_wconf 78' lang='lat' dir='ltr'>Quis</span> <span class='ocrx_word' id='word_1_150' title='bbox 547 1817 643 1859; x_wconf 86' lang='lat' dir='ltr'>crederet</span> <span class='ocrx_word' id='word_1_151' title='bbox 652 1830 769 1873; x_wconf 87' lang='lat' dir='ltr'>uuquam,</span> 
     </span>
     <span class='ocr_line' id='line_1_24' title="bbox 154 1889 581 1947; baseline -0.009 -12"><span class='ocrx_word' id='word_1_152' title='bbox 154 1892 226 1936; x_wconf 75' lang='lat' dir='ltr'>sertas</span> <span class='ocrx_word' id='word_1_153' title='bbox 234 1891 347 1933; x_wconf 89' lang='lat' dir='ltr'>hominem</span> <span class='ocrx_word' id='word_1_154' title='bbox 357 1904 445 1947; x_wconf 87' lang='lat' dir='ltr'>carpere</span> <span class='ocrx_word' id='word_1_155' title='bbox 454 1904 515 1946; x_wconf 81' lang='lat' dir='ltr'>posse</span> <span class='ocrx_word' id='word_1_156' title='bbox 524 1889 581 1932; x_wconf 76' lang='lat' dir='ltr'>vias?</span> 
     </span>
     <span class='ocr_line' id='line_1_25' title="bbox 126 1962 682 2020; baseline -0.009 -12"><span class='ocrx_word' id='word_1_157' title='bbox 126 1964 248 2020; x_wconf 73' lang='lat' dir='ltr'>Remigium</span> <span class='ocrx_word' id='word_1_158' title='bbox 257 1963 354 2006; x_wconf 79' lang='lat' dir='ltr'>volucres</span> <span class='ocrx_word' id='word_1_159' title='bbox 364 1962 460 2019; x_wconf 85' lang='lat' dir='ltr'>disponit</span> <span class='ocrx_word' id='word_1_160' title='bbox 468 1963 491 2004; x_wconf 95' lang='lat' dir='ltr'>in</span> <span class='ocrx_word' id='word_1_161' title='bbox 501 1963 576 2004; x_wconf 89' lang='lat' dir='ltr'>ordine</span> <span class='ocrx_word' id='word_1_162' title='bbox 585 1976 667 2019; x_wconf 84' lang='lat' dir='ltr'>pennas</span> <span class='ocrx_word' id='word_1_163' title='bbox 676 1978 682 2002; x_wconf 94' lang='lat'>:</span> 
     </span>
     <span class='ocr_line' id='line_1_26' title="bbox 154 2035 576 2094; baseline -0.009 -13"><span class='ocrx_word' id='word_1_164' title='bbox 154 2041 181 2081; x_wconf 90' lang='lat' dir='ltr'>Et</span> <span class='ocrx_word' id='word_1_165' title='bbox 189 2038 234 2079; x_wconf 86' lang='lat' dir='ltr'>leve</span> <span class='ocrx_word' id='word_1_166' title='bbox 244 2051 282 2094; x_wconf 89' lang='lat' dir='ltr'>per</span> <span class='ocrx_word' id='word_1_167' title='bbox 290 2036 329 2078; x_wconf 93' lang='lat' dir='ltr'>lini</span> <span class='ocrx_word' id='word_1_168' title='bbox 338 2036 425 2079; x_wconf 84' lang='lat' dir='ltr'>vincula</span> <span class='ocrx_word' id='word_1_169' title='bbox 434 2035 500 2078; x_wconf 86' lang='lat' dir='ltr'>nectit</span> <span class='ocrx_word' id='word_1_170' title='bbox 509 2049 576 2092; x_wconf 87' lang='lat' dir='ltr'>opus:</span> 
     </span>
     <span class='ocr_line' id='line_1_27' title="bbox 126 2109 640 2168; baseline -0.01 -11"><span class='ocrx_word' id='word_1_171' title='bbox 126 2115 216 2168; x_wconf 88' lang='lat' dir='ltr'>Imaque</span> <span class='ocrx_word' id='word_1_172' title='bbox 226 2125 274 2168; x_wconf 85' lang='lat' dir='ltr'>pars</span> <span class='ocrx_word' id='word_1_173' title='bbox 283 2111 336 2153; x_wconf 90' lang='lat' dir='ltr'>ceris</span> <span class='ocrx_word' id='word_1_174' title='bbox 346 2111 487 2167; x_wconf 75' lang='lat' dir='ltr'>adstringitur</span> <span class='ocrx_word' id='word_1_175' title='bbox 495 2111 544 2166; x_wconf 88' lang='lat' dir='ltr'>igne</span> <span class='ocrx_word' id='word_1_176' title='bbox 553 2109 640 2153; x_wconf 87' lang='lat' dir='ltr'>solutis:</span> 
     </span>
     <span class='ocr_line' id='line_1_28' title="bbox 155 2183 598 2242; baseline -0.007 -14"><span class='ocrx_word' id='word_1_177' title='bbox 155 2185 281 2242; x_wconf 83' lang='lat' dir='ltr'>Finitusque</span> <span class='ocrx_word' id='word_1_178' title='bbox 290 2198 350 2228; x_wconf 80' lang='lat' dir='ltr'>norae</span> <span class='ocrx_word' id='word_1_179' title='bbox 356 2183 405 2241; x_wconf 82' lang='lat' dir='ltr'>jam</span> <span class='ocrx_word' id='word_1_180' title='bbox 414 2184 477 2227; x_wconf 83' lang='lat' dir='ltr'>labor</span> <span class='ocrx_word' id='word_1_181' title='bbox 486 2183 598 2227; x_wconf 80' lang='lat' dir='ltr'>arriserat.</span> 
     </span>
    </p>
   </div>
   <div class='ocr_carea' id='block_1_7' title="bbox 0 0 831 2584">
    <p class='ocr_par' dir='ltr' id='par_1_13' title="bbox 0 0 831 2584">
     <span class='ocr_line' id='line_1_29' title="bbox 0 0 831 2584; baseline 0 0"><span class='ocrx_word' id='word_1_182' title='bbox 0 0 831 2584; x_wconf 95' lang='lat' dir='ltr'> </span> 
     </span>
    </p>
   </div>
  </div>
 </body>
</html>
