1650 2584
109 192 153 244 3¹42
342 192 526 234 PlSTouutt
568 193 570 197 ’
671 193 759 235 udor.

112 281 174 321 llunc
183 277 261 334 triplici
272 292 336 322 muro
346 279 400 322 lucis
409 279 526 322 incluserat
535 279 586 322 atris

140 355 256 394 Parcarum
267 352 352 396 monitu
361 355 411 410 Styx
421 354 516 396 violenta
525 353 599 395 trium.

111 427 198 469 Viscera
207 426 245 482 qui
254 427 311 481 tauri
321 426 416 469 flammis
426 427 532 470 adolenda
540 427 643 478 dedisset,

142 502 191 542 Sors
200 509 257 551 erat,
266 511 358 543 aeternos
368 501 452 543 vincere
461 515 522 557 posse
531 503 591 543 Deos.
641 535 644 540 .

112 575 215 618 lmmolat
224 575 283 617 hunc
292 575 389 618 Briareus
399 575 457 618 lacta
465 590 491 618 ex
501 566 616 619 adamante
625 575 698 619 securi
706 593 714 618 :

141 652 166 692 Et
172 648 220 705 jam
226 649 275 707 jam
286 649 381 692 flammis
391 660 440 692 exta
449 651 539 693 daturus
548 659 601 693 erat.

112 723 195 779 Jupiter
204 723 291 766 alitibus
302 737 376 780 rapere
384 724 491 779 imperat:
502 723 580 767 adtulit
588 723 622 766 illi

141 795 232 848 Miluus,
242 805 264 839 et
273 795 355 839 meritis
365 796 423 839 venit
433 796 455 839 in
465 806 522 840 astra
531 798 582 840 suis.

111 947 158 988 Uict
168 945 213 987 dies
222 947 292 988 media
302 956 343 998 est;
355 958 376 990 et
386 947 443 991 fiunt
452 961 514 990 sacra
523 947 637 991 Minervae:

140 1020 276 1074 Nominaque
285 1033 298 1061 a
303 1019 388 1077 junctis
398 1020 494 1076 quinque
504 1021 580 1063 diebus
590 1020 680 1063 habent.

109 1094 216 1149 Sanguine
226 1093 296 1149 prim
305 1105 376 1144 vacat;
386 1107 426 1137 nec
437 1093 469 1136 fas
479 1107 606 1137 concurrere
615 1092 689 1137 ferro:

138 1168 217 1216 Causa,
227 1166 286 1222 quod
295 1176 327 1208 est
337 1166 374 1208 illa
384 1176 436 1209 nata
447 1167 542 1209 Minerva
551 1167 593 1208 die.

109 1239 191 1291 Altera,
202 1250 286 1295 tresque
295 1253 361 1295 super
369 1250 436 1283 strata
446 1240 582 1282 celebrantur
591 1253 657 1282 arena
666 1256 672 1280 :

136 1314 227 1356 Ensibus
236 1313 322 1355 exsertis
332 1312 407 1354 bellica
418 1313 465 1356 leta
475 1315 516 1355 Dea
525 1322 563 1355 est.

106 1387 190 1430 Pallada
200 1400 269 1437 nunc,
279 1386 352 1442 pueri,
364 1395 494 1442 tenereque,
504 1395 591 1438 ornate,
601 1385 687 1442 puellae.

137 1460 179 1517 Qui
188 1461 242 1503 bene
251 1459 341 1516 placarit
350 1458 446 1509 Pallada,
455 1460 532 1501 doctus
543 1459 591 1502 erit.

108 1533 192 1576 Pallade
201 1534 296 1590 placata,
305 1533 379 1576 lanam
390 1532 484 1583 mollite,
494 1530 583 1588 puellae:

139 1608 216 1649 Discite
221 1606 269 1663 jam
280 1606 353 1662 plenas
363 1619 478 1648 exonerare
488 1603 555 1647 colos.

109 1681 148 1724 llla
157 1681 224 1723 etiam
232 1689 313 1723 stantes
323 1680 385 1722 radio
395 1692 521 1735 percurrere
531 1677 584 1721 telas

98 1758 101 1761 '
138 1755 225 1804 Erudit,
234 1765 255 1796 et
265 1766 340 1795 rarum
350 1754 435 1809 pectine
445 1754 519 1794 denset
529 1765 591 1808 opus.

110 1831 169 1872 lianc
178 1827 236 1875 cole,
244 1827 283 1882 qni
291 1826 388 1868 maculas
397 1824 452 1868 laesis
461 1826 488 1866 de
498 1824 592 1866 vestibus
601 1824 690 1870 aufers:

136 1903 195 1942 lianc
204 1899 260 1951 cole,
271 1898 384 1941 velleribus
392 1898 491 1953 quisquis
500 1898 569 1940 ahena
580 1911 650 1954 paras.

107 1977 152 2017 Nec
161 1974 276 2029 quisquam
286 1973 352 2015 invita
361 1971 427 2014 iaciat
436 1972 491 2014 bene
500 1972 587 2015 vincula
596 1971 683 2028 plantes„

136 2047 230 2095 Pallade;
241 2045 268 2087 sit
277 2045 357 2102 Tychio
367 2045 451 2088 doctior
460 2045 494 2087 ille
504 2044 561 2088 licet.

108 2122 134 2163 Et
143 2119 192 2160 licet
201 2117 291 2172 antiqno
300 2118 402 2161 manibus
411 2118 503 2160 collutos
512 2120 569 2174 Epeo

137 2190 168 2235 Sit
176 2190 246 2248 prior;
256 2189 311 2233 irata
319 2190 403 2234 Pallade
412 2205 504 2236 mancus
514 2191 561 2257 erit.
