1650 2584
93 214 113 242 v.
126 187 192 256 569(
338 201 438 242 trono
455 201 488 242 11.
692 213 731 255 ‚97

93 292 163 341 Hanc,
173 289 226 346 quia
231 288 292 346 justa
302 289 386 340 ferunt,
397 289 469 332 dixere
477 288 559 333 Feralia
569 290 647 335 lucem.

121 364 202 409 Ultima
211 364 321 421 placandis
329 366 430 407 Manibus
438 365 476 408 illa
484 366 536 408 dies.

90 516 146 557 Eccn
155 527 210 556 anus
219 513 242 555 iu
252 514 328 556 mediis
337 514 431 556 residens
440 528 521 557 annosa
530 514 618 571 puellis,

119 588 184 628 Sacra
193 585 245 629 facit
253 585 330 629 Tacitae
339 604 343 628 :
354 587 388 628 vix
397 596 471 629 tamen
481 587 526 642 ipsa
537 597 599 630 tacet.

89 662 116 704 Et
125 659 198 715 digitis
208 660 248 702 tria
259 669 306 703 tura
316 660 386 703 tribus
395 661 437 702 sub
446 660 520 703 limine
529 661 602 716 pouit,

119 734 168 791 Qua
178 732 247 774 brevis
257 732 367 776 occultum
378 747 428 775 mus
437 734 478 775 sibi
487 732 538 777 fecit
547 734 593 777 iter.

89 809 148 850 Tum
158 815 243 867 cantata
252 805 304 861 ligat
314 820 366 848 cum
377 805 438 848 lusco
448 806 497 848 licia
506 807 611 858 rhombo,

119 883 145 924 Et
154 891 237 935 septem
247 880 317 935 nigras
326 890 398 923 versat
404 881 427 923 in
437 895 475 922 ore
484 881 552 924 fabas.

88 956 197 1014 Quodque
207 954 253 1011 pice
262 955 386 1007 adstrinxit,
395 956 455 1011 quod
464 969 505 998 acu
515 955 598 1012 trajecit
607 957 688 1008 uena,
774 984 780 992 ·

119 1031 229 1072 Obsutum
239 1043 313 1072 maenae
323 1040 390 1072 torret
399 1031 422 1072 in
432 1030 481 1085 igne
491 1041 569 1086 caput:

88 1104 148 1147 Vina
156 1117 243 1159 quoque
253 1103 348 1146 instillat.
359 1104 408 1146 Vini
419 1105 565 1160 quodcunque
574 1105 673 1148 relictum
683 1115 726 1156 est,

118 1180 162 1219 Aut
171 1176 228 1232 ipsa,
239 1186 278 1219 aut
286 1177 388 1228 comites,
398 1177 447 1232 plus
457 1188 529 1220 tamen
539 1178 596 1235 ipsa,
607 1179 667 1223 bibit.

88 1248 181 1292 Hostiles
191 1248 273 1303 linguas
283 1248 413 1303 inimicaque
423 1249 531 1292 vinximus
540 1264 589 1303 ora,

119 1324 174 1367 Dicit
183 1323 304 1375 discedens,
314 1324 417 1378 ebriaque
426 1324 469 1367 exit
478 1338 540 1368 anus.

88 1472 199 1512 Foasrrrrt
208 1481 222 1510 a
230 1468 305 1517 uobis,
314 1482 362 1525 quoe
371 1469 399 1512 sit
407 1471 450 1512 Dea
459 1471 531 1522 Muta,
541 1470 645 1526 requiras.

118 1542 189 1591 Disce,
199 1555 237 1597 per
245 1541 345 1597 antiquos
354 1556 402 1597 quoe
413 1542 467 1583 mibi
476 1553 527 1584 uota
536 1556 603 1585 senes.

88 1615 174 1672 Jupiter
182 1614 290 1656 indomito
298 1617 395 1657 lutumae
404 1625 481 1670 captus
490 1629 566 1658 amoro

120 1688 189 1731 Multa
199 1687 260 1739 tulit,
272 1698 331 1731 tanto
340 1702 384 1730 non
394 1689 495 1744 patienda
505 1691 554 1731 Deo.
614 1706 617 1710 ’

87 1762 128 1806 Illa
138 1761 204 1802 modo
213 1760 235 1802 in
244 1761 301 1803 silvis
311 1752 368 1804 inter
377 1760 471 1817 coryleta
480 1761 573 1805 latebat:

116 1836 182 1877 Nunc
192 1833 213 1875 in
223 1843 324 1889 cognatas
331 1833 444 1877 desiliebat
453 1848 527 1890 aquas.

85 1911 198 1953 Convocat
206 1907 241 1950 bic
250 1908 372 1965 Nymphas,
382 1908 479 1958 Latium,
488 1918 629 1965 quotcunque
639 1912 736 1963 tenebam

116 1982 143 2023 Et
148 1979 203 2035 jecit
213 1980 236 2021 in
245 1980 317 2022 medio
327 1979 378 2022 talia
387 1981 452 2021 verba
461 1980 541 2023 choro:

86 2053 172 2102 Invidet
182 2052 227 2107 ipsa
236 2051 288 2102 sibi,
297 2051 403 2107 vitatque,
412 2053 471 2107 quod
479 2053 565 2109 expedit
573 2054 615 2107 illi,

117 2127 195 2170 Vestra
202 2138 270 2179 soror,
278 2139 366 2169 summo
373 2124 465 2183 jungere
474 2128 574 2172 membra
582 2130 633 2172 lico.
