1650 2584
117 199 156 239 156
342 195 526 237 FASTORUM
673 204 693 232 v.
707 191 758 232 332.

145 286 245 341 Veraque
251 284 336 341 judicio
346 293 378 326 est
388 283 466 326 ultima
475 296 540 325 causa
550 294 606 323 meo.

115 361 185 415 thue
195 374 220 401 ea
230 373 288 402 nuuc
298 369 357 401 certa
365 368 408 408 est,
418 358 449 400 ita
458 360 501 399 Rex
510 356 595 412 placare
605 352 721 397 sac'rorum

146 432 243 475 Numina
254 432 353 488 lanigera
362 430 455 487 conjuge
464 430 528 472 debet
537 429 589 471 ovis.
669 417 678 432 ⁰

116 506 223 556 Victima,
233 520 281 562 quae
290 507 365 548 dextra
375 505 452 546 cecidit
461 504 559 554 victrice,
569 510 665 545 vocatur.

146 581 248 624 Hostibus
257 581 336 623 ametis
346 580 416 622 hostia
427 593 507 621 nomen
517 579 590 621 babet.

118 654 183 704 Ante,
193 656 246 696 Deos
256 654 341 696 homini
350 653 409 709 quod
420 652 535 694 conciliare
545 650 634 703 valeret,

146 730 187 770 Far
195 739 251 778 erat,
262 738 283 771 et
292 728 341 783 pari
351 727 424 769 lucida
434 726 491 769 mica
500 725 557 769 salis.
752 780 758 790 ο

118 805 224 846 Nondum
234 803 351 859 pertulerat
360 802 489 859 lacrymatas
499 800 579 844 cortice
588 799 689 858 myrrhas

147 881 199 920 Aeta
208 891 246 933 per
255 891 364 933 equoreas
374 876 460 932 hospita
469 874 529 918 naris
539 887 613 930 aquas.

120 952 193 995 Thura
202 966 240 993 nec
251 952 380 1007 Euphrates,
390 963 430 993 nec
440 949 528 992 miserat
537 948 598 991 India
606 956 705 998 costum,

149 1027 193 1067 Nec
203 1024 292 1066 fuerant
302 1024 362 1066 rubri
372 1023 460 1079 cognita
470 1022 507 1065 fila
515 1022 579 1065 croci.

121 1103 164 1142 Ara
172 1100 239 1142 dabat
249 1098 334 1150 fumos,
343 1098 417 1141 herbis
426 1107 528 1141 contenta
538 1096 632 1146 Sabinis,

149 1175 174 1215 Et
182 1186 228 1215 non
237 1172 314 1227 exiguo
323 1171 399 1214 taurus
408 1171 489 1214 adusta
499 1184 560 1213 sono.

122 1248 143 1290 Si
152 1246 201 1302 quis
210 1256 267 1297 erat,
278 1244 340 1287 factis
348 1244 404 1300 prati
414 1245 441 1287 de
451 1243 504 1288 flore
514 1243 600 1286 coronis

150 1318 192 1377 Qui
202 1327 274 1375 posset
282 1317 348 1360 violas
359 1317 449 1367 addere,
459 1317 517 1359 dives
527 1325 580 1359 erat.

122 1394 171 1444 Hic,
181 1393 219 1448 qui
228 1406 287 1434 nunc
296 1391 365 1448 aperit
374 1390 469 1448 percussi
480 1390 560 1433 viscera
570 1389 637 1442 tauri,

151 1471 176 1510 ln
185 1467 250 1509 saeris
259 1466 346 1509 nullum
356 1466 426 1509 euiter
437 1466 531 1508 habebat
540 1456 601 1521 opus.

124 1540 197 1582 Prima
205 1542 268 1583 Ceres
276 1539 343 1581 avida
353 1539 425 1594 gavisa
435 1548 468 1582 est
475 1538 580 1594 sanguine
588 1550 672 1595 porca,

152 1613 201 1656 utta
209 1626 260 1655 suas
269 1612 347 1655 merita
357 1612 413 1654 caede
423 1611 520 1654 nocentis
530 1625 587 1668 opes.

123 1691 180 1732 Nam
191 1697 248 1738 sata,
257 1702 306 1730 vere
316 1701 385 1739 novo,
395 1687 474 1729 teneris
483 1686 585 1730 lactentia
594 1684 671 1738 sulcis,

153 1763 219 1804 Eruta
229 1760 324 1816 setigerae
334 1759 441 1815 comperit
450 1773 487 1801 ore
496 1759 547 1801 suis.

124 1839 164 1879 Sus
173 1836 261 1877 dederat
270 1848 350 1891 poenas.
359 1833 463 1889 Exemplo
473 1833 560 1877 territus
570 1832 636 1889 hujus

154 1909 244 1952 Palmite
254 1910 359 1952 debueras
371 1908 511 1959 abstinuisse,
521 1921 590 1964 caper.

126 1985 198 2040 Quem
208 1992 305 2038 spectans
315 1981 393 2037 aliquis
402 1982 477 2024 dentes
486 1982 509 2024 in
519 1981 561 2024 vite
570 1990 719 2037 prementem,

153 2056 213 2100 Talia
221 2070 266 2098 uon
277 2057 343 2100 tacito
352 2057 409 2100 dicta
419 2055 494 2100 dobere
501 2056 572 2099 dedit:

124 2130 193 2179 Rode,
204 2143 278 2184 caper,
288 2129 366 2181 vitem3
376 2139 451 2172 tamen
460 2129 523 2181 hine,
532 2143 603 2185 quum
612 2127 679 2172 stabis
686 2128 714 2172 ad
721 2143 796 2181 aram,

153 2205 178 2245 ln
187 2212 226 2245 tua
234 2204 293 2258 quod
302 2204 373 2261 spargi
382 2216 464 2247 cornua
473 2203 552 2260 possit,
561 2202 608 2246 erit.
