1650 2584
117 161 160 215 ³44
344 158 527 202 rtsrorcrr
675 176 700 205 v.
715 166 767 222 ⁵9⁶.

146 253 172 293 Et
180 260 264 293 nostras
273 250 343 307 patric
353 251 458 306 sanguine
469 251 527 306 tinge
536 264 622 295 manus.
629 269 642 292 n
679 271 682 276 ·

116 322 204 365 Talibus
214 322 328 366 instinctus
336 322 391 365 solio
400 323 496 378 privatus
505 322 529 366 iu
537 323 582 366 eltc

145 398 244 440 Sederat:
254 398 372 440 attonitum
382 397 459 452 vulgus
468 398 496 439 ad
505 411 567 439 arma
576 397 629 441 ruit.

118 470 170 513 llinc
180 485 251 522 cruor,
260 471 310 513 hinc
320 472 400 514 cedes:
410 471 543 527 infirmaque
552 471 649 516 vincitur
656 484 723 519 atas.

146 547 232 601 Sceptra
241 559 306 601 gener
314 559 388 587 socero
397 554 459 600 rapte
468 546 577 601 Superbus
587 545 664 590 habet.

116 618 164 674 lpse
172 619 213 660 sub
223 618 332 673 Esquiliis,
342 618 380 659 ubi
389 629 436 661 erat
444 631 484 660 sua
493 618 562 674 regia.
572 632 641 662 mus

147 675 245 732 Concidit
254 691 277 732 in
286 691 341 732 dura
350 690 530 746 sanguinolentus
538 691 616 733 humo.

118 761 181 812 Filia,
191 773 293 818 carpento
302 762 384 819 patrios
393 763 475 805 initura
484 773 583 820 penates,

147 838 194 880 lbat
202 851 241 894 per
250 838 331 881 medias
341 838 384 881 alta
393 838 497 894 teroxque
506 839 557 882 viss.

117 912 200 968 Corpus
210 922 235 955 ut
244 913 349 969 adspexit,
359 913 460 970 lacrymis
469 914 544 971 auriga
553 913 650 970 profusis

147 986 243 1028 Restitit:
254 986 313 1028 hunc
324 986 360 1029 tsli
370 987 460 1047 corripit
469 986 506 1029 illa
514 1001 581 1030 sono:

120 1075 131 1096 «
138 1059 216 1100 Vadis?
224 1074 253 1101 an
262 1070 369 1116 exspectas
379 1060 475 1116 pretium
485 1061 569 1116 pietatis
578 1070 701 1107 amerumt

96 1171 98 1175 ,
146 1134 203 1182 Duc,
213 1133 314 1189 inquam,
324 1134 402 1176 invitas
410 1134 458 1190 ipse
467 1147 505 1190 per
514 1148 553 1177 ore
562 1145 628 1179 rotas.
635 1152 648 1175 r»

119 1206 180 1249 Certa
191 1205 243 1249 fides
253 1206 316 1248 lacti:
327 1207 397 1250 dictus
406 1208 525 1251 Sceleratus
534 1208 561 1249 cb
571 1208 609 1250 ills

149 1278 224 1330 Vicus,
234 1288 256 1321 et
264 1287 343 1321 ceterna
353 1292 386 1322 res
394 1293 420 1322 ea
429 1294 502 1336 pressa
512 1290 570 1323 ncta.

119 1355 168 1396 Post
176 1363 249 1396 tamen
256 1353 297 1396 hoc
305 1367 357 1396 ausa
364 1364 396 1396 est
403 1354 522 1410 templum,
531 1366 681 1400 monumenta
689 1361 794 1415 parentis,

149 1429 256 1483 Tangere:
266 1426 322 1469 mira
331 1427 432 1481 quidem,
441 1429 478 1470 sed
489 1437 562 1471 tamen
571 1437 619 1471 acta
629 1428 721 1486 loquar.

121 1501 210 1556 Signum
220 1511 267 1543 erat
275 1500 299 1542 iu
307 1500 362 1543 solio
371 1501 466 1543 residens
475 1502 516 1544 sub
525 1500 621 1557 imagine
629 1503 706 1549 Tulli:

149 1575 231 1616 Dicitur
238 1573 280 1616 hoc
289 1572 357 1616 oculis
366 1573 491 1629 opposuisse
501 1587 600 1617 manum.

120 1648 146 1689 Et
154 1660 195 1688 vox
204 1646 278 1688 audita
286 1656 331 1687 est:
341 1662 353 1684 ι(
362 1645 440 1688 Vultus
449 1647 574 1690 abscondite
582 1657 682 1702 nostros,

150 1723 182 1764 Ne
192 1731 248 1764 nasce
256 1720 343 1763 videant
351 1734 389 1762 ora
398 1720 491 1763 nefanda
501 1735 561 1765 mete.
567 1739 579 1761 s

121 1795 186 1836 Veste
195 1794 245 1836 data
255 1794 346 1849 tegitur:
356 1804 414 1836 vetat
424 1794 480 1837 hanc
489 1796 585 1838 Fortuna
594 1798 693 1852 moveri,

150 1867 176 1907 Et
184 1866 234 1906 sice
245 1866 327 1922 templo
335 1876 367 1908 est
376 1866 423 1922 ipsa
431 1866 504 1911 locuta
514 1881 567 1910 suo:

123 1939 182 1979 «Ore
191 1938 283 1981 revelato
292 1954 336 1995 qus
344 1941 442 1996 primum
451 1940 501 1984 luce
509 1942 591 1998 parebit

150 2007 244 2057 Servius.
254 2010 298 2052 lraec
308 2012 371 2067 positi
380 2012 452 2069 prima
461 2014 550 2069 pudoris
558 2015 605 2058 erit
612 2032 625 2055 c

120 2078 212 2130 Parcite,
222 2090 338 2134 matrone,
348 2085 424 2127 vetitas
433 2086 539 2143 attingere
548 2097 628 2131 vestes:
