1650 2584
43 193 65 221 v.
80 196 132 223 202.
306 185 403 227 LIBER
421 185 438 227 l.
652 193 689 233 ¹51

73 276 148 328 Inque
156 273 213 315 Iovis
222 274 297 317 dextra
307 275 372 317 fictile
382 275 466 317 fulmen
476 284 528 319 erat.

43 346 171 388 Frondibus
181 347 300 399 ornabant,
309 361 357 402 quae
367 361 426 390 nunc
435 348 539 404 Capitolia
549 349 651 405 gemmis:

74 419 224 474 Pascebatque
233 433 283 461 suas
292 420 337 475 ipse
346 422 437 462 Senator
446 435 501 463 oves.

43 493 90 533 Nec
100 492 186 548 pudor,
197 492 221 534 iu
230 492 310 548 stipula
319 492 427 549 placidam
437 494 517 550 cepisse
526 495 634 550 quietem,

73 567 100 607 Et
111 564 198 608 foenum
207 565 272 621 capiti
281 567 429 622 supposuisse,
440 567 488 610 fuir.

45 640 98 680 lura
108 639 176 682 dabat
186 639 271 695 populis
281 640 351 696 posito
360 641 427 682 ruodo
436 641 516 684 Consul
526 651 608 691 aratro;

75 714 102 754 Et
111 711 165 754 levis
174 712 256 766 argenti
266 711 348 755 lamina
356 714 440 755 crimen
449 723 501 755 erat.

44 788 70 827 At
80 796 200 841 postquam
210 787 305 828 Fortuna
313 784 355 828 loci
365 797 431 841 caput
440 787 518 830 extulit
528 787 606 844 hujus,

72 861 98 901 Et
109 858 180 913 tetigit
188 872 287 901 summos
296 859 374 902 vortice
383 862 452 903 Roma
462 863 525 912 Deos3

45 935 168 976 creverunt
176 943 198 975 et
207 947 269 989 opes,
279 944 300 976 et
309 948 377 990 opum
387 935 471 995 furiosa
479 936 570 991 cupido;

73 1010 111 1059 Et,
121 1021 193 1062 quum
203 1007 326 1062 possideant
335 1008 431 1063 plurima
439 1041 445 1058 ‚
453 1008 517 1063 plura
526 1010 608 1052 volunt.

45 1085 147 1139 Quaerere
157 1092 183 1125 ut
192 1083 321 1134 absumant,
331 1084 433 1126 absumta
444 1084 552 1139 requirere
560 1095 655 1129 certant:

74 1161 145 1214 Atque
155 1158 205 1214 ipsa
214 1157 271 1200 vitiis
280 1168 331 1201 sunt
340 1158 444 1201 alimenta
453 1159 514 1201 vices.

46 1233 91 1284 Sic=
102 1232 185 1288 quibus
194 1232 300 1274 intumuit
309 1231 395 1275 suffusa
404 1241 478 1274 venter
488 1233 516 1274 ab
526 1234 595 1286 unda,

75 1309 125 1363 Quo
135 1305 184 1361 plus
193 1314 245 1347 sunt
254 1315 321 1362 pota,
331 1306 381 1361 plus
390 1305 495 1348 sitiuntur
504 1321 571 1362 aqua.

45 1383 69 1424 ln
79 1380 150 1437 pretio
160 1380 255 1435 pretium
265 1394 323 1422 nunc
333 1390 377 1423 est:
388 1381 425 1423 dat
435 1394 510 1423 census
520 1382 623 1435 honores,

73 1458 156 1499 Census
165 1454 282 1506 amicitias3
292 1469 374 1511 pauper
383 1456 465 1511 ubique
470 1455 536 1512 jacet.

45 1530 77 1570 Tu
88 1537 161 1570 tamen
171 1526 293 1582 auspicium
302 1528 320 1569 si
330 1527 357 1570 sit
366 1528 428 1584 stipis
438 1528 490 1571 utile
499 1529 588 1585 quatis,

73 1602 160 1656 Gurque
166 1599 246 1656 juvent
254 1609 339 1642 nostras
347 1614 389 1642 tera
398 1611 482 1644 vetusta
492 1601 578 1645 uranus.

47 1678 93 1716 AEra
101 1675 184 1715 dabant
192 1672 258 1714 olirn:
270 1673 348 1716 melius
357 1688 416 1716 nuuc
425 1689 490 1716 omen
500 1675 523 1717 in
533 1690 587 1718 auro
597 1686 640 1730 est,

74 1747 179 1800 Victaque
187 1746 286 1789 concedit
296 1747 366 1803 prisca
375 1759 463 1791 moneta
473 1762 539 1791 nova.

45 1823 89 1862 Nos
96 1833 183 1876 quoque
191 1819 271 1875 templa
275 1819 367 1876 juvant,
375 1821 476 1876 quamvis
483 1822 572 1878 antiqua
580 1825 709 1880 probemus,

72 1896 154 1936 Aurea:
164 1893 265 1948 majestas
274 1894 374 1936 convenit
383 1895 425 1936 ista
434 1896 485 1936 Deo.

45 1966 167 2009 Laudamus
177 1975 267 2016 veteres,
277 1967 314 2008 sed
324 1965 402 2007 uostris
412 1965 497 2008 utimur
506 1968 579 2011 annis:

75 2044 120 2084 Mos
130 2049 203 2083 tamen
212 2050 244 2083 est
253 2054 313 2097 aeque
322 2041 401 2095 dignus
410 2049 501 2097 uterque
510 2041 559 2085 coli.

48 2191 150 2233 Ftrtimr
159 2186 263 2230 monitus.
273 2186 362 2230 Placidis
372 2187 402 2230 ita
411 2201 497 2242 rursus,
507 2198 532 2232 ut
541 2198 602 2240 ante,
