1650 2584
101 162 144 215 ²⁰4
327 162 511 204 FASTORUM
655 168 743 219 v.751.

100 248 147 291 Sint
157 258 244 292 tnntnnt
254 250 357 292 reduces?
366 250 406 292 Sed
416 250 475 292 enim
485 251 613 294 temerarius
622 252 658 296 itte

129 323 165 364 Est
175 336 248 373 meuc,
257 332 279 367 et
287 324 361 366 stricto
370 323 470 378 quolibet
478 337 528 366 ense
538 324 588 367 ruit.
653 374 659 383 ,

100 397 159 438 Mens
169 395 226 447 abit,
235 406 257 439 ct
266 397 359 447 morior,
370 396 456 452 quoties
465 398 581 452 pugnantis
589 398 662 454 imago

127 472 162 512 Me
172 471 242 515 subit:
253 481 275 514 et
284 470 379 527 gelidum
389 480 479 526 pectora
489 469 559 526 frigus
567 472 640 515 habet.

99 543 179 587 Desinit
188 544 211 586 in
220 544 340 601 lacrymas:
350 544 477 599 intentaque
486 542 523 586 fila
533 544 634 597 remittit5

90 630 94 638 '
127 620 152 660 ln
161 619 244 674 gremio
253 618 339 661 vultum
350 617 493 673 deposuitque
502 633 575 662 suum.

99 693 142 734 Hoc
152 691 224 748 ipsum
234 693 318 735 decuit:
328 692 429 749 iacrymae
440 692 534 735 cecidere
544 694 638 749 pudicae.

127 769 152 810 Et
161 766 226 809 facien
234 768 309 810 enimn
318 767 427 823 dignaque
436 780 520 822 parque
530 766 579 811 fuit.

98 842 155 884 Pone
165 852 262 891 metum,
273 842 347 895 venio,
356 841 437 897 conjnx
446 842 483 884 ait.
493 840 532 885 liin
542 842 627 894 revixit,

127 918 199 972 Deque
209 917 248 958 riri
257 916 312 959 colio
322 917 385 959 dulce
394 917 497 973 pependit
506 931 569 960 onus.

97 992 181 1033 Interea
184 990 273 1046 juvenis
283 990 374 1035 furiatos
384 990 455 1046 regius
464 991 523 1046 ignes

127 1063 235 1120 Concipit,
246 1073 267 1106 et
276 1077 331 1107 ceco
341 1073 416 1120 raptus
426 1076 500 1106 emere
511 1063 572 1107 furit.

98 1140 177 1180 Forma
184 1138 264 1193 placet,
274 1138 392 1194 niveusque
400 1137 472 1189 color,
482 1138 575 1195 flerique
583 1137 667 1194 capilli,

127 1210 212 1267 Quique
221 1206 294 1254 rideret
303 1211 364 1254 nuiin
373 1210 443 1254 fectus
453 1212 481 1254 ab
489 1222 536 1255 arte
545 1212 615 1254 decor.

99 1286 170 1328 Verba
180 1284 274 1342 placent,
284 1296 305 1328 et
314 1300 367 1337 vox,
376 1296 397 1329 et
406 1286 466 1342 quod
475 1300 613 1342 corrumpere
622 1300 668 1330 non
677 1298 722 1331 est:

127 1361 218 1416 Quoque
227 1361 300 1402 minor
308 1374 355 1415 spes
364 1369 407 1411 est,
417 1361 459 1402 hoe
468 1362 536 1418 magis
545 1361 581 1403 ille
589 1362 656 1418 cupit.

95 1434 145 1477 Jam
156 1434 244 1477 dederat
253 1443 343 1477 centurn
352 1433 406 1476 lucis
416 1435 550 1489 praenundus
559 1434 613 1486 ates,

128 1510 202 1566 Quum
212 1506 309 1550 referunt
314 1507 406 1563 juvenes
416 1507 438 1549 in
448 1522 488 1550 sua
497 1517 566 1551 castra
575 1509 659 1564 pedem.

96 1582 197 1638 Carpitur
205 1582 307 1625 attonitos
316 1581 410 1624 absentis
420 1582 515 1638 imagine
525 1595 601 1625 sensus

126 1655 177 1698 tlte:
187 1656 308 1699 recordanti
318 1655 380 1712 plura
391 1655 503 1712 magisque
511 1654 603 1710 piarent.

97 1728 130 1772 stc
139 1729 207 1772 sedit:
217 1729 247 1771 sic
257 1728 315 1772 culta
325 1728 378 1773 tuit:
390 1729 420 1772 sic
429 1730 524 1772 stamina
532 1729 601 1774 nevit:

126 1800 231 1857 Neglectae
239 1800 296 1845 collo
305 1802 335 1844 sic
341 1801 430 1858 jacuere
440 1815 509 1844 comae
517 1819 522 1844 ι

98 1878 141 1919 uos
149 1876 227 1918 hahuit
236 1876 309 1920 rultuc
318 1892 323 1918 ε
333 1876 378 1919 hee
389 1876 420 1917 itti
430 1877 495 1918 rerba
504 1875 577 1919 fuere:

41 1994 44 2000 ,
126 1950 164 1993 Hic
173 1950 248 2000 decor,
258 1951 302 1993 hec
312 1949 388 2001 facies,
397 1951 433 1992 hic
443 1950 503 1993 color
511 1950 554 1993 orie
562 1961 615 1994 erat.

98 2023 125 2064 Ut
133 2020 188 2064 solet
196 2035 209 2062 a
218 2035 298 2077 magno
308 2021 387 2066 fluctus
397 2022 533 2079 languescere
543 2022 608 2073 ssetu3

125 2093 167 2135 Sed
176 2100 250 2136 temen
259 2106 273 2136 e
281 2104 358 2149 rento,
367 2094 406 2151 qni
416 2094 469 2149 fuit,
479 2096 538 2139 unda
548 2103 628 2139 tumet:
