1650 2584
88 159 130 213 ²34
320 156 502 199 FlsrortuM
645 172 666 201 v.
679 162 733 216 ⁵9²·

116 250 220 302 vertitur,
230 259 251 294 et
260 263 325 293 canas
334 250 406 292 alveus
417 249 491 292 haurit
500 262 573 304 aquas.

87 323 188 366 Vincitur
197 337 231 366 ars
241 334 317 366 vento:
328 337 367 365 nec
373 322 423 379 jam
434 323 558 365 moderator
567 322 658 365 habenis

118 397 197 448 Utitur,
206 408 229 440 at
239 397 304 440 votis':
315 396 350 439 hic
358 410 447 453 quoque
456 396 524 452 poscit
534 410 606 452 opem.

88 471 186 513 lactatur
195 470 290 513 tumidas
298 469 358 512 exsul
368 469 476 512 Phoenissa
485 483 523 525 per
533 470 613 521 undas;

119 544 255 599 Humidaque
264 544 362 599 opposita
371 543 457 585 lumina
465 553 523 586 veste
533 542 591 599 tegit.

90 618 147 658 Tum
157 617 253 672 primum
264 616 316 658 Dido
326 615 377 658 felir
386 625 418 658 est
427 616 484 658 dicta
493 615 573 666 sorori,

120 692 145 732 Et
154 704 287 745 quaecuuque
296 689 393 744 aliquam
403 702 493 743 corpore
503 688 580 744 pressit
587 688 692 731 humum.

91 763 172 819 Figitur
181 764 208 805 ad
217 765 311 805 Laurens
320 762 401 817 ingenti
411 762 499 803 llamine
509 761 560 804 litus

122 837 210 893 Puppis;
220 845 252 886 et,
261 836 362 891 expositis
372 836 486 885 omuibus,
496 835 573 878 hausta
583 835 644 892 perit.

93 915 141 954 lam
152 911 200 967 pius
209 914 282 953 AEneas
292 924 357 966 regno
366 920 460 965 nataque
470 911 539 953 Latini

123 987 203 1028 luctus
213 995 269 1033 erat,
279 984 371 1040 populos
381 984 540 1040 miscueratque
549 986 611 1028 duos.

94 1060 165 1103 Litore
174 1059 252 1109 dotali,
262 1059 308 1102 solo
318 1059 435 1101 comitatus
444 1059 534 1111 Achate,

124 1135 232 1175 Secretum
243 1133 303 1174 nudo
312 1122 366 1174 dum
376 1132 430 1188 pede
439 1132 508 1188 carpit
517 1133 568 1183 iter,

95 1205 189 1261 Adspicit
198 1214 318 1256 errantem,
327 1219 366 1247 nec
376 1206 462 1247 credere
471 1205 564 1248 sustinet
572 1207 656 1248 sunam

126 1280 185 1320 Esse:
196 1278 248 1332 quid
257 1278 280 1319 in
290 1278 359 1321 Latios
368 1276 405 1320 illa
415 1279 497 1322 veniret
505 1284 580 1335 agros?

97 1356 152 1396 Dum
163 1367 237 1396 secum
248 1357 333 1396 AEneas:
343 1358 403 1396 Anna
412 1364 455 1404 est,
465 1354 571 1408 exclamat
579 1353 676 1397 Achates.

126 1429 157 1470 dd
167 1440 248 1491 nomep
257 1427 330 1470 vultus
339 1428 427 1471 sustulit
436 1428 472 1470 illa
482 1441 539 1470 suos.

99 1503 147 1559 Quo
156 1501 237 1557 fugiat?
246 1500 299 1557 quid
309 1508 369 1556 agat!
379 1516 433 1557 quos
444 1512 504 1544 terrae
513 1510 595 1556 quaerat
604 1500 690 1546 hiatus?

128 1579 182 1617 Ante
191 1573 265 1615 oculos
275 1573 356 1616 miseras
367 1574 410 1617 lata
420 1574 499 1616 sororis
508 1583 576 1616 erant.

100 1646 180 1697 Sensit,
190 1656 212 1689 et
221 1634 347 1702 adloquitur
357 1647 462 1702 trepidam
472 1646 597 1703 Cythereius
606 1646 681 1698 heros3

130 1720 175 1762 Flet
185 1730 258 1762 tamen
267 1721 381 1762 admonitu
391 1719 478 1770 mortis,
488 1717 564 1770 Elissa,
574 1729 623 1763 tue.

102 1795 174 1843 Anna,
184 1806 222 1848 per
231 1792 287 1834 hanc
293 1793 357 1849 juro,
367 1806 433 1849 quam
444 1793 556 1848 quondam
564 1792 640 1834 audire
649 1791 734 1836 solebas

132 1867 240 1911 Tellurem
249 1866 295 1909 lato
304 1866 437 1923 prosperiore
446 1867 504 1918 dari3
548 1922 550 1925 ι

104 1945 184 1998 Perque
193 1944 246 1983 Deos
255 1941 356 1992 comites,
366 1941 405 1983 hac
415 1954 485 1996 nuper
494 1941 543 1983 sede
552 1939 645 1991 locatos;

133 2016 190 2070 Saepe
200 2028 259 2056 meas
266 2013 316 2056 illos
324 2014 456 2070 increpuisse
465 2027 544 2056 moras.

104 2088 149 2130 Nec
159 2087 222 2130 timui
232 2087 258 2129 de
268 2097 339 2130 morte
349 2099 437 2131 tamen:
447 2097 518 2130 metus
527 2085 599 2130 abfuit
607 2086 660 2131 iste:

134 2160 171 2201 Hei
180 2160 246 2202 mihi!
255 2160 352 2205 credibili
362 2159 440 2205 fortior
449 2159 487 2204 illa
495 2159 545 2204 fuit.
