1650 2584
119 125 160 167 332
346 125 530 168 Flsrouuu
677 140 701 168 v.
715 127 768 170 2⁸2.
812 170 813 213 p

145 212 241 269 angulus
250 229 254 252 :
264 227 277 256 a
286 212 359 270 pluvio
368 192 464 257 vindicat
472 215 542 257 imbre
553 213 632 258 tholus.

117 290 162 330 Gur
171 289 199 331 sit
207 289 318 345 virgineis,
328 288 418 345 quartis,
427 291 469 332 Dea
478 289 537 333 culta
546 290 664 333 ministris!

147 365 258 406 Inveniam
268 379 343 407 causas
352 364 393 406 hac
401 378 489 420 quoque
499 374 560 421 parte
569 379 626 408 suas.

118 439 148 479 Ex
157 439 200 493 Ope
208 440 318 480 Iunonem
329 448 453 481 memorant
462 440 605 494 Cereremque
614 448 701 482 creatas

148 513 232 554 semine
241 513 327 555 Saturni
335 530 340 554 :
351 513 414 556 tertia
423 514 489 556 Vesta
498 512 548 556 ruit.

119 587 213 641 Utraque
221 597 352 643 nupserunt;
363 588 433 629 ambae
443 587 549 644 peperisse
558 586 672 631 feruntur:

149 662 177 702 De
187 660 256 703 tribus
265 660 380 717 impatiens
390 662 469 704 restitit
478 675 523 704 una
531 661 578 703 viri.

119 735 176 792 Quid
186 735 280 790 mirum,
289 736 349 791 virgo
358 736 376 779 si
385 735 467 791 virgine
476 735 525 779 lreta
534 735 635 778 ministra

148 807 248 850 admittit
257 817 326 850 castas
335 808 358 850 iu
367 822 405 850 sua
415 822 476 850 sacra
485 813 576 850 manus?

118 881 163 922 Nec
174 889 197 922 tu
207 880 266 922 aliud
275 882 375 929 Vestam,
384 894 452 936 quam
462 881 533 923 vivam
542 879 638 936 intellige
647 878 781 923 flammam:

149 953 248 1007 Nataque
257 953 283 994 de
293 952 384 995 ssamma
393 966 485 1009 corpora
496 952 557 995 nulla
565 952 631 994 vides.

119 1025 171 1066 lure
180 1024 246 1078 igitur
255 1024 314 1080 virgo
323 1034 366 1074 est,
376 1038 424 1080 quae
434 1025 517 1067 semina
525 1024 587 1067 nulla
595 1025 704 1077 remittit,

148 1098 193 1139 Nec
202 1097 272 1152 capit;
282 1106 305 1140 et
313 1097 403 1140 comites
412 1097 540 1154 virginitatis
551 1098 625 1141 habet.

120 1172 169 1212 Esse
178 1170 215 1212 diu
225 1170 304 1213 stultus
313 1172 382 1214 Vestoe
391 1171 509 1215 simulacra
518 1171 604 1227 putari:

150 1244 199 1284 Mox
208 1242 273 1284 didici
282 1257 349 1285 curvo
358 1243 420 1286 nulla
428 1244 514 1287 subesse
524 1229 595 1286 tholo.⁸

120 1315 177 1371 ignis
187 1315 327 1359 inexstinctus
336 1316 417 1373 templo
427 1317 509 1359 celatur
518 1317 541 1359 iu
550 1316 587 1359 illo
596 1333 600 1357 :

150 1388 248 1445 Effigiem
258 1389 341 1432 nullam
351 1392 427 1441 Vesta,
437 1404 476 1433 nec
486 1390 552 1446 iguis,
561 1390 652 1433 habent.

120 1465 167 1506 Stat
175 1463 195 1504 vi
205 1473 261 1506 terra
270 1478 322 1506 sua:
333 1464 353 1506 vi
362 1465 440 1507 stando
449 1466 515 1508 Vesta
523 1474 620 1508 vocatur.

150 1539 261 1592 Capuaque
270 1550 309 1592 par
318 1538 375 1580 Graii
384 1538 480 1579 nominis
490 1551 534 1580 esse
543 1546 620 1595 potest.

122 1614 148 1654 lt
158 1610 219 1673 fpcus
229 1625 241 1652 a
253 1610 359 1662 flammis,
369 1621 390 1654 et
397 1612 456 1666 quod
466 1610 525 1653 foret
534 1612 608 1653 omnia
618 1611 706 1654 dictus:

152 1685 193 1742 Qui
203 1674 277 1728 rameri
286 1685 309 1727 in
318 1685 394 1742 primis
402 1685 485 1727 aedibus
494 1694 544 1727 aute
553 1685 602 1726 fuit.

123 1761 176 1802 ilinc
185 1773 272 1814 quoque
281 1759 413 1802 vestibulum
423 1759 465 1801 dici
475 1772 535 1801 reor:
546 1758 596 1800 iude
605 1762 722 1813 precando

152 1831 258 1874 Adiamur
266 1833 366 1879 Vestam.
376 1833 428 1887 Qum
437 1830 484 1873 loca
493 1830 564 1886 prima
574 1839 641 1872 tenes.

123 1905 176 1945 tute
185 1903 245 1944 focos
255 1903 308 1946 olim
317 1904 386 1959 longis
395 1904 506 1946 considere
515 1903 609 1945 scamnis

152 1976 197 2014 illos
207 1984 262 2023 erat;
272 1983 294 2017 et
304 1973 382 2018 meusae
391 1977 477 2017 eredere
486 1977 559 2018 adesse
569 1977 629 2016 Deos.

122 2044 186 2084 Nune
195 2057 292 2099 quoque,
302 2060 371 2100 quum
382 2047 439 2088 liunt
448 2048 541 2102 antique
550 2060 610 2087 sacra
620 2047 734 2101 Vatum,

152 2116 206 2157 tute
215 2117 334 2161 Vacunales
342 2129 443 2174 stantque
452 2120 569 2175 sedentque
579 2118 646 2161 focos.
