1650 2584
103 207 131 249 ⁶6
202 206 300 248 ARTIS
319 205 505 248 AMATORIAE
519 207 580 249 ΗΒ.
595 209 629 250 Π.
658 223 680 251 v.
692 211 741 264 724.

131 298 157 340 Et
166 295 239 339 dulces
248 297 353 353 gemitus,
364 306 459 353 apteque
468 298 532 339 verba
539 297 598 353 joco.

100 372 144 422 §ed
153 385 223 427 neque
234 372 391 421 tndominam,
400 371 453 413 velis
461 372 581 428 majoribus
591 386 655 427 usus,

132 446 216 496 nestun
227 459 266 488 nee
275 460 350 487 cursus
360 456 433 488 anteat
442 446 478 488 iiia
489 456 544 488 tum.

105 520 136 563 td
146 530 226 562 metam
237 530 349 575 properate
358 520 430 561 simul.
440 522 497 562 Tum
508 519 569 576 piena
580 520 691 577 voluptas,

134 595 207 649 Quum
217 594 296 649 pariter
304 594 354 637 victi
364 593 446 635 femina
456 594 531 649 virque
537 594 619 649 jacent.

105 666 143 710 nic
153 668 191 709 tibi
202 668 317 709 servandus
328 678 389 709 tenor
398 677 440 715 est.
449 681 519 722 quum
529 666 595 709 libera
605 668 687 711 dantur

135 741 192 791 otim
203 739 308 784 furtivum
318 754 357 782 nec
368 740 434 782 timor
443 751 504 795 urget
513 755 575 796 opus.

108 815 181 872 Quum
193 828 254 856 mora
264 828 306 855 non
318 825 364 856 tuta
373 823 417 861 est.
427 815 476 856 totis
486 814 612 856 incumbere
622 816 688 858 remis

136 886 201 935 Utile.
212 897 232 928 et
242 886 336 927 admisso
345 887 437 927 subdere
446 886 516 928 calcar
525 901 588 941 equo.

108 960 166 1002 Finis
176 960 236 1002 adest
246 960 317 1015 operi:
328 959 423 1014 palmam
434 961 494 1009 date,
504 970 563 1015 [nata
570 959 688 1013 juventus;

137 1036 238 1088 Sertaque
248 1034 342 1074 odorata
352 1043 435 1088 myrtea
446 1032 499 1074 ferte
508 1046 581 1075 comae.
649 1088 652 1092 ι

87 1089 91 1100 ¹
108 1108 207 1165 Quantus
219 1106 276 1160 apud
285 1107 368 1146 Baiiaos
377 1105 496 1147 Podalirius
505 1115 550 1147 arte
560 1106 672 1158 medendi,

137 1179 230 1222 AEacidcs
239 1180 322 1226 dextra,
333 1189 419 1234 pectore
429 1182 506 1221 Nestor
515 1191 571 1228 erat3

109 1256 207 1313 Quantus
217 1262 262 1294 erut
272 1252 359 1294 Calchas
368 1253 433 1302 extis,
443 1252 581 1294 Telamonius
590 1254 669 1307 armis,

137 1328 272 1370 Automedon
283 1340 360 1377 curru;
373 1337 446 1369 tantus
455 1337 540 1369 amator
550 1341 595 1383 ego.

109 1404 144 1445 Me
153 1412 223 1444 vatem
234 1400 350 1451 celebrate,
359 1401 410 1450 viri;
423 1401 476 1442 mihi
485 1402 549 1443 dicite
559 1401 644 1445 laudes:

137 1477 240 1519 Cantetur
249 1484 294 1517 toto
304 1489 383 1516 nomen
393 1475 414 1516 in
425 1476 477 1517 orbe
487 1489 568 1517 meum.

110 1551 175 1591 Arma
185 1549 233 1590 dedi
244 1549 315 1590 vobis:
326 1549 412 1590 dederat
422 1548 532 1590 Vulcanus
542 1547 625 1590 Achilli.

141 1622 224 1664 Vincite
235 1621 371 1671 muneribus,
382 1621 433 1663 vicit
443 1630 467 1663 ut
476 1620 522 1672 iile,
532 1621 594 1663 datis.

111 1697 152 1739 Sed
161 1697 284 1752 quicunque
294 1710 343 1738 meo
352 1697 459 1752 superarit
467 1699 575 1738 Amazona
584 1695 653 1749 ferro,

141 1769 245 1810 Inscribat
255 1768 326 1824 spoliis
335 1786 339 1810 :
350 1771 407 1810 Naso
416 1769 516 1824 magister
525 1777 577 1811 erat.

112 1843 164 1886 Ecce
175 1851 249 1897 rogant
260 1852 345 1890 tenere,
356 1842 396 1883 sibi
405 1843 455 1884 dem
465 1852 581 1897 praecepta,
591 1841 675 1898 puelle.

140 1915 184 1956 Vos
192 1914 250 1956 eritis
259 1914 338 1957 charta
347 1913 446 1970 proxima
456 1929 509 1957 cura
519 1928 579 1957 meae.
