1650 2584
65 213 147 253 mod.
233 211 389 254 ntttssnlt
406 211 542 254 AMORIS.
668 224 705 253 ιιι

93 303 137 343 Aut
146 299 204 347 tino.
214 309 254 342 aut
264 299 354 341 calamis
363 299 452 355 praemis
461 314 526 356 parva
536 300 603 356 sequi.

66 375 116 424 vet,
125 389 175 430 quae
185 374 249 430 piscis
257 376 311 417 edax
322 375 385 417 avido
395 369 452 417 mile
461 376 548 418 devoret
558 390 606 426 ore,

93 449 178 490 Abdere
187 447 296 503 supremis
304 461 347 489 :cra
357 461 446 489 recurva
455 447 514 489 cibis.

66 523 107 565 Ant
115 522 161 569 his.
172 533 212 564 aut
221 520 279 568 aliis,
289 522 358 563 donec
368 521 459 563 dediscis
468 534 553 573 amare,

93 598 141 652 Ipse
150 596 191 638 tibi
201 594 278 637 furtim
288 594 427 650 decipiendus
435 594 483 636 eris.

67 672 99 714 Tu
109 680 197 714 tantum
207 670 226 719 i,
235 669 335 725 quamvis
345 669 414 711 firmis
425 670 542 712 retinebere
552 669 635 721 vinclis,

94 746 103 785 1
113 743 202 799 procui,
213 754 236 785 et
244 742 319 799 longas
328 757 416 799 carpere
425 758 488 800 perge
497 744 548 786 vias.

67 817 146 866 Flebis.
157 827 184 859 ut
192 826 292 859 occurret
302 817 389 858 descrtae
399 830 480 858 nornen
489 816 576 859 amicae:

94 892 163 935 stabit
173 892 227 934 etin
237 891 309 933 medin
318 905 354 946 pes
365 890 403 933 tibi
413 904 467 946 saepc
477 891 517 936 via,

68 967 105 1009 Sed
114 975 199 1022 quanto
209 965 282 1008 minus
292 965 323 1007 irc
332 965 400 1014 voles,
411 965 479 1021 magis
488 965 519 1007 ire
528 976 638 1008 memento
647 983 651 1007 :

95 1042 174 1091 Perfer,
183 1051 205 1084 et
215 1041 293 1084 invitos
302 1053 389 1082 currere
398 1055 450 1096 coge
460 1041 530 1097 pedes.

68 1119 109 1160 trec
120 1117 205 1173 pluvias
215 1116 280 1159 vites:
290 1129 330 1157 nce
340 1125 360 1159 te
370 1115 482 1171 peregrina
492 1125 606 1159 morentur

93 1192 202 1240 Sabbata3
213 1204 252 1232 nec
260 1190 348 1232 damnis
357 1189 411 1231 dllin
420 1200 473 1233 nota
482 1190 533 1232 suis.

66 1265 110 1306 Nec
119 1272 176 1319 quot
185 1262 306 1312 transieris,
314 1263 351 1304 sed
361 1273 414 1318 quot
425 1262 475 1313 tibi,
485 1276 567 1318 quere,
577 1263 685 1319 supersint

95 1337 176 1380 Millia:
187 1350 238 1386 nce,
249 1350 337 1378 maneas
347 1347 372 1379 ut
380 1350 459 1393 prope,
469 1337 526 1393 finge
536 1350 614 1379 moras.

68 1412 175 1467 Tempora
185 1423 224 1452 nec
234 1423 339 1452 numera:
349 1424 389 1451 nec
399 1411 475 1452 crebro
485 1411 565 1466 respice
574 1413 672 1452 nomam.

94 1486 134 1527 Sed
144 1484 203 1541 fuge.
212 1486 283 1527 Tutus
293 1483 364 1525 adhuc
373 1484 464 1526 Parthus
472 1485 500 1526 ab
510 1485 571 1526 hoste
581 1484 633 1540 fuga
642 1494 680 1526 ess

67 1561 123 1602 Dura
133 1558 212 1614 aliquis
221 1567 329 1614 praecepta
338 1568 399 1600 vocet
409 1572 471 1600 mea:
481 1559 536 1601 durs
546 1557 641 1601 fatemur

95 1635 144 1676 Esse
152 1650 157 1682 ;
166 1633 214 1682 sed,
224 1642 250 1674 nt
259 1631 341 1682 valeas,
352 1631 422 1674 muita
432 1631 524 1674 dolenda
536 1631 595 1674 feres.

67 1710 124 1766 Seps
133 1709 180 1751 bibi
189 1722 278 1757 succos,
288 1707 388 1763 quamvis
398 1707 489 1758 invitus,
499 1721 586 1750 amaros

97 1786 166 1838 Egon
176 1790 198 1823 et
207 1780 279 1823 oranti
289 1793 364 1821 mensa
374 1790 450 1836 negata
460 1780 521 1822 mihi.

67 1856 93 1897 Ut
101 1869 181 1910 corpus
192 1854 298 1901 redimus,
309 1852 392 1894 ferrum
402 1853 489 1908 patieris
499 1864 521 1895 et
530 1853 599 1909 ignem

94 1928 159 1970 Arida
169 1942 209 1970 nec
219 1926 294 1969 sitiens
304 1939 342 1967 nra
352 1925 432 1968 lcvsbis
442 1941 508 1981 aqum

68 2002 93 2043 Ut
103 2000 174 2042 valcas
184 2000 274 2048 nnimo,
283 1998 403 2053 quidquam
414 1997 505 2040 tolerare
514 1998 613 2054 negabis?

94 2075 122 2116 tt
131 2074 229 2129 pretinm
239 2085 290 2128 pars
299 2070 344 2113 hcc
353 2086 444 2128 corpore
454 2073 526 2128 majus
536 2072 608 2114 habet.

66 2148 106 2189 Sed
117 2158 191 2189 tarncn
201 2157 235 2188 est
244 2144 440 2187 ortissrrictissirnn
446 2144 517 2200 janua
526 2156 615 2194 nostrae,

95 2223 119 2263 Et
128 2219 192 2264 labor
201 2229 235 2262 est
246 2232 305 2262 ttntts
316 2228 414 2274 temporo
425 2219 495 2274 primo
505 2217 557 2272 pati.

623 2291 641 2327 8.
