1650 2584
88 199 156 254 ιφ.
343 198 443 241 imru
458 198 474 238 r.

118 290 144 330 Et
153 288 249 343 gelidum
258 287 332 329 subito
341 286 421 342 frigore
430 296 505 342 peetus
514 296 566 328 emt.

88 361 127 404 lile
138 372 212 404 tenens
222 362 296 404 dextra
305 360 421 410 baculum,
431 360 557 415 clavemque
566 358 662 408 sinitur,

118 435 190 477 Edidit
198 433 238 475 hos
248 434 311 475 nobis
320 447 357 474 ore
367 433 439 489 priore
447 447 523 474 sonos:

89 508 161 557 nisce,
171 518 232 550 metu
241 507 323 564 posito,
332 516 391 549 vates
401 520 489 562 operose
499 506 595 557 dierum,

118 583 182 639 Quod
192 583 257 637 petis,
267 590 359 623 errones
369 580 455 636 percipe
464 588 537 621 mente
546 593 612 621 meas.

89 657 123 697 Me
132 654 202 697 Chaos
211 653 306 708 antiqui,
316 667 368 694 nam
379 667 412 694 res
421 666 471 694 sum
479 652 560 708 prisea,
571 653 673 710 vocabam

118 727 220 782 Adspice,
229 740 296 781 quam
307 725 365 781 longi
375 726 479 782 temporis
488 734 629 767 actaeonem.

89 801 183 843 Lucidus
192 799 227 841 hie
238 813 286 850 ner,
296 809 328 850 et,
337 813 386 854 quae
395 799 436 840 tria
445 811 537 854 corpora
547 808 638 850 restant,

117 873 186 928 lgnie.
196 886 268 927 aquae,
279 871 351 922 telius,
363 885 420 913 unus
429 885 518 913 enervus
528 881 596 913 erant.

88 951 117 992 Ut
126 948 192 991 semel
203 948 248 989 uaee
257 960 331 989 rerum
340 946 427 989 secessit
436 946 473 989 lite
482 960 584 997 suarum,

118 1023 186 1077 inque
196 1034 262 1063 novas
272 1020 326 1063 abiit
335 1034 407 1062 massa
416 1019 488 1062 soluta
497 1021 583 1071 domos;

87 1096 189 1138 Flamma
198 1095 251 1150 petit
260 1093 342 1144 altum;
353 1093 442 1150 propior
451 1092 511 1135 iocus
521 1107 570 1135 aera
579 1095 646 1151 cepit.-

116 1169 222 1211 Sederunt
232 1167 304 1209 medio
314 1177 370 1209 terra
381 1166 506 1221 fretumque
515 1166 568 1208 solo.

87 1244 149 1284 Tunc
159 1254 209 1296 ego,
218 1240 256 1296 qui
267 1239 351 1281 fueram
361 1239 452 1296 globus,
461 1249 483 1281 et
492 1240 537 1281 eine
547 1240 641 1297 imagine
651 1241 730 1290 moins.

118 1319 143 1358 lu
153 1315 231 1358 faciem
242 1315 294 1356 redii
305 1315 412 1371 dignaque
422 1315 522 1356 membra
531 1316 580 1357 Deo.

87 1394 153 1434 Nunc
163 1391 262 1445 quoque,
272 1388 367 1431 confusae
377 1390 490 1445 quondam
498 1398 550 1432 notu
560 1403 626 1445 parve
637 1390 722 1445 figure,

115 1467 170 1507 Ante
179 1463 239 1519 quod
248 1471 279 1503 est
289 1462 311 1503 in
322 1475 368 1513 me,
377 1471 470 1517 postque
479 1462 563 1504 videtur
571 1461 636 1504 idem.

85 1540 175 1594 Accipe,
185 1536 278 1592 quaesitae
288 1549 336 1591 quae
345 1549 410 1577 causa
420 1536 448 1577 sit
457 1535 525 1578 altera
535 1534 621 1586 iormae3

115 1615 174 1655 Hunc
185 1609 250 1652 simul
261 1618 285 1651 ut
293 1609 351 1651 noris
361 1641 367 1659 ‚
377 1607 520 1664 officiumque
530 1622 611 1650 meum.

83 1685 196 1746 Quidquid
206 1684 287 1738 ubique
297 1683 366 1733 vides,
375 1681 466 1732 celum,
475 1695 546 1732 mare,
556 1681 644 1734 nubila,
654 1692 731 1735 terras,

114 1760 194 1804 Omnia
203 1767 255 1801 snut
263 1767 336 1799 nostra
346 1756 430 1808 clausa,
440 1765 556 1812 putentque
567 1770 642 1799 manu.

85 1838 119 1879 Me
129 1846 195 1891 penes
205 1841 236 1873 est
246 1843 316 1873 unum
326 1830 379 1872 rasti
389 1828 487 1871 custodia
496 1829 585 1880 mundi;

113 1912 140 1953 Et
145 1908 184 1965 jue
194 1905 288 1948 vertendi
299 1904 392 1947 cardinis
402 1916 468 1945 omne
478 1917 553 1945 meum
563 1914 601 1946 eet.

83 1988 159 2045 Quum
171 1980 234 2023 libuit
244 1982 318 2021 Pacem
328 1978 417 2034 placidis
426 1976 524 2019 emittere
534 1977 606 2029 tectis,

114 2059 191 2101 Libere
201 2063 314 2111 perpetuas
324 2052 424 2095 ambulat
433 2052 470 2094 illa
479 2051 529 2094 viae.

84 2131 194 2187 Sanguine
205 2128 288 2171 letifero
299 2138 356 2170 totus
366 2126 493 2168 miscebitur
502 2125 571 2177 orbis,

114 2206 143 2249 Ni
154 2211 241 2246 teneant
250 2202 322 2258 rigide
330 2200 419 2244 condite
427 2198 484 2241 bella
492 2212 549 2241 eerae.
