1650 2584
114 210 156 250 no
274 206 585 249 nummulorum
672 209 756 262 11343,

111 296 237 340 Auferimur
246 294 320 346 cultu3
330 294 423 351 gemmis
432 307 530 350 auroque
540 302 646 350 teguntur

140 370 224 413 Omnia.
235 371 284 412 Para
294 370 386 411 minima
395 378 429 411 est
437 368 483 424 ipsa
491 368 564 424 puella
572 369 614 411 aui.

112 446 181 499 Saepe,
191 443 229 485 ubi
238 443 277 491 sit,
286 442 346 497 quod
355 454 426 492 ames,
436 442 493 483 iuter
503 451 549 483 tam
559 441 630 483 multa
640 442 746 497 requiras.

140 517 222 572 Decipit
231 517 270 557 hac
280 514 354 557 oculos
362 514 429 569 aegide
435 513 496 555 divas
505 517 579 556 Amor.

112 592 244 648 Improvisus
253 592 313 640 adea
324 590 443 645 deprendes
453 598 512 632 tutus
522 589 629 632 inermem
639 602 644 627 :

141 664 217 705 Infelix
227 663 282 706 vitiis
290 662 372 704 excidat
381 660 419 702 illa
427 661 478 703 auia

113 742 157 782 Nec
168 749 240 782 tamen
251 739 303 780 huic
311 737 406 779 nimium
416 746 523 792 praecepto
531 736 619 778 credere
626 745 705 779 tntum
715 747 758 779 eat:

142 813 206 855 Fallit
214 812 273 853 enirn
283 810 365 854 multos
374 810 447 852 forma
455 811 502 853 siue
511 819 557 852 arte
566 810 652 852 (leoena¹

113 890 170 931 Tum
179 901 278 943 quoque,
288 899 358 941 quum
368 885 442 941 positis
451 899 490 927 aua
500 880 591 928 collinet
596 899 636 927 ora
646 886 747 937 venenis,

142 964 174 1005 td
183 963 277 1004 dominae
286 960 369 1010 vultus,
379 974 420 1002 nec
429 961 501 1016 pudor
510 961 590 1010 obstet,
601 974 645 1003 eas.
821 943 822 948 Ἰ

113 1036 201 1094 Pyxidas
210 1035 315 1085 invenies,
326 1043 347 1077 et
356 1047 430 1075 rerum
441 1033 499 1075 mille
508 1033 601 1084 colorem

143 1112 168 1151 Et
178 1107 245 1150 fluere
254 1107 277 1149 in
287 1108 370 1163 tepidos
379 1093 452 1163 oesypa
461 1106 520 1162 lapsa
529 1105 596 1149 sinus.

114 1183 152 1225 llla
161 1192 209 1224 tuas
219 1179 327 1230 redolent,
337 1179 430 1230 Phineu,
440 1179 585 1222 medicamina
595 1192 698 1222 mensas:

143 1258 193 1298 Nou
202 1253 268 1297 semel
278 1253 329 1295 ltine
337 1253 452 1296 stomacho
460 1266 541 1295 nautea
550 1251 607 1295 iacta
617 1265 676 1295 meo.

112 1323 178 1371 'Nunc
188 1327 237 1377 tibi,
248 1340 296 1382 quae
306 1326 377 1368 medio
387 1324 477 1367 Veneris
486 1334 614 1380 praestentur
623 1325 648 1368 in
656 1340 713 1380 utu,

143 1403 242 1458 Eloquar.
251 1403 280 1443 Ex
290 1400 351 1443 omni
361 1409 421 1456 parte
431 1398 540 1455 fugandus
548 1413 617 1443 amor.

116 1477 184 1521 Multa
193 1477 281 1533 quidem
291 1489 316 1518 cx
325 1474 366 1516 illis
375 1475 448 1530 pudor
456 1484 487 1517 est
496 1473 551 1516 mihi
560 1473 645 1516 dicere:
655 1476 695 1518 scd
704 1486 730 1519 tu

145 1552 232 1607 iugenio
242 1550 311 1592 verbis
320 1549 409 1604 concipe
419 1547 483 1604 pluro
492 1548 552 1590 meis.

117 1630 192 1683 Nuper
201 1626 259 1668 enim
270 1635 355 1667 nostros
364 1623 456 1679 quidam
465 1636 563 1678 carpsere
572 1622 669 1676 tibutos;

145 1704 245 1759 Quorum
254 1712 345 1742 censura
355 1700 416 1739 Musa
425 1707 525 1752 proterve
535 1711 583 1739 mea
593 1709 632 1741 eat.

116 1775 240 1818 Dummodo
249 1773 279 1814 sic
288 1772 397 1827 placeam,
407 1771 461 1813 dum
472 1780 517 1813 toto
527 1781 601 1813 cautor
611 1771 635 1814 in
645 1774 709 1824 orbe;
726 1781 730 1796 l

147 1849 208 1906 Quod
219 1846 285 1895 volet,
295 1845 425 1900 impugnent
434 1858 491 1886 uuus
501 1854 522 1886 et
532 1843 587 1886 alter
595 1858 658 1901 opus.

89 1953 93 1959 .
117 1921 232 1978 Ingenium
242 1918 316 1974 magni
325 1919 429 1960 detrectat
437 1918 499 1959 Livor
508 1917 608 1960 Homeri:

148 1993 249 2050 Quisquis
258 2003 292 2039 es,
301 2004 326 2032 er
335 1990 383 2037 illo.
393 1989 463 2040 Zoile,
472 2003 553 2032 nomen
562 1990 636 2033 habea.

119 2072 144 2112 Et
154 2078 192 2110 tua
201 2065 307 2119 sacrilegae
316 2063 427 2106 laniarunt
436 2064 533 2106 carmina
542 2064 633 2120 lingum,

148 2139 237 2183 Pertulit
246 2139 289 2179 huc
299 2137 365 2179 victos
374 2152 419 2192 quo
428 2139 483 2181 duca
492 2137 556 2194 Troja
566 2140 627 2180 ileos.

119 2211 210 2255 Summa
220 2210 274 2266 petit
283 2208 349 2251 livor:
359 2211 453 2265 perflant
461 2211 566 2255 altissimo
574 2212 647 2255 vano:
