1650 2584
42 168 45 174 ¹
105 164 145 206 sss
333 166 515 209 rtsroaun
612 170 778 223 wate„

132 252 214 304 Currit,
225 261 249 295 nt
258 253 337 297 auditis
347 255 421 297 territa
428 256 495 298 dama
504 254 567 311 lupis.

101 326 204 382 Corniger
213 327 269 370 banc
278 327 361 383 cupidis
370 328 467 383 rapuisse
476 328 591 371 Numicius
600 329 666 372 undis

131 401 237 453 Creditur,
247 412 268 445 et
277 401 357 458 stagnis
366 401 486 446 occuluisse
494 404 546 446 suis.

101 472 186 516 Sidonis
196 474 277 518 interea
286 488 366 530 magno
375 474 471 535 elamore
479 489 519 531 per
527 489 589 531 agros

132 532 250 604 Quaeritur:
260 547 364 602 adparent
373 547 436 603 signa
443 557 542 603 notaeque
550 548 640 604 pedum

44 622 50 632 “
103 622 199 664 Ventum
208 632 255 664 erat
264 623 292 664 ad
301 622 357 678 ripas
367 636 372 661 :
381 622 467 666 inerant
475 623 564 679 vestigia
572 623 630 679 ripis.

132 695 238 738 Sustinuit
248 695 321 738 tacitas
331 695 430 738 conscius
439 696 510 738 amnis
518 710 592 752 aquas.

102 770 150 824 Ipsa
158 767 218 824 loqui
228 768 273 810 visa
282 779 313 811 est
322 783 327 808 :
336 768 414 811 Placidi
423 783 473 810 sum
483 770 586 826 Nympha
594 769 696 821 Numici,
756 776 759 779 ’

131 845 200 885 Amne
210 857 303 899 perenne
313 843 380 886 latens
387 876 392 894 ,
400 846 461 886 Anna
471 846 566 886 Perenna
576 857 647 886 tuear.

88 914 94 924 '
102 917 202 960 Protinus
210 919 286 960 erratis
295 918 338 961 teti
347 929 464 962 vmcuntur
473 919 496 961 in
505 919 572 975 agris,

131 992 157 1033 Et
166 990 276 1034 celebrant
285 990 345 1047 largo
354 1003 419 1046 seque
428 992 529 1048 diemque
539 1006 607 1035 mero.
645 1012 648 1017 ·

100 1064 242 1119 Suntquibus
247 1064 292 1106 bec
297 1066 400 1116 bunaest,
405 1065 457 1120 quia
463 1065 573 1107 mensibus
578 1064 668 1120 impleat
673 1078 763 1108 annum
771 1083 777 1108 :

130 1140 180 1179 Pars
189 1137 292 1187 Themin,
302 1129 413 1180 Inachiam
423 1152 472 1194 pars
481 1148 544 1194 putat
553 1152 598 1181 esse
607 1139 693 1181 bovem.

23 1219 26 1226 ’
102 1210 209 1260 invenies,
219 1210 256 1266 qui
267 1220 287 1253 te
296 1212 414 1267 Nymphen
422 1211 531 1254 Atlantida
540 1212 624 1264 ditant;

131 1285 203 1340 Teque
211 1284 258 1327 tovi
267 1284 360 1340 primos,
369 1289 442 1337 Anna,
451 1285 533 1329 dedisse
543 1285 609 1328 eibos.

101 1434 149 1491 Hac
158 1447 257 1489 quoque,
266 1447 334 1490 quam
344 1434 449 1487 referam,
458 1445 543 1480 nostras
551 1434 685 1491 pervenitad
694 1447 762 1478 aures

130 1509 207 1560 Fame,
216 1522 255 1550 nec
266 1522 279 1550 a
289 1521 338 1551 vera
347 1509 436 1552 dissidet
444 1509 480 1561 illa
490 1509 539 1551 fide.
575 1539 578 1544 -

82 1587 84 1591 “
100 1581 161 1624 Plebs
171 1591 242 1633 vetus,
252 1591 274 1624 et
283 1582 348 1624 nullis
357 1583 479 1625 etiamnum
488 1593 537 1625 tuta
545 1583 659 1634 Tribunis,

131 1655 205 1711 rugia
214 1666 236 1698 et
246 1655 268 1697 in
278 1656 332 1697 sacri
342 1655 420 1718 vertite
430 1655 510 1698 montis
519 1656 572 1699 abit.

101 1730 150 1771 Jam
159 1743 257 1784 qnoque,
267 1742 333 1784 quern
343 1743 418 1772 secum
428 1728 533 1781 tulerant,
542 1728 650 1773 deiecerat
659 1726 707 1771 illos

131 1801 217 1850 Victus,
228 1811 249 1844 et
258 1801 360 1844 humanis
370 1803 505 1858 usibusapta
514 1805 582 1845 Ceres.

102 1876 154 1916 urta
162 1874 294 1929 suburbanis
303 1876 403 1930 quaedam
412 1875 456 1919 fuit
464 1877 525 1919 tana
534 1875 629 1928 Bovillis,

130 1949 220 2004 Pauper,
230 1949 266 1990 sed
277 1949 363 1990 mundae
372 1948 503 2000 sedulitatis,
513 1963 575 1992 anus.

102 2019 152 2068 llla,
161 2019 202 2061 levi
213 2021 277 2063 mitra
286 2035 351 2063 canos
361 2021 462 2064 redimita
471 2022 569 2078 capillos,

131 2092 234 2146 Fingebat
244 2092 337 2135 tremula
347 2094 426 2137 rustica
435 2094 480 2136 liba
489 2108 564 2136 manu.

102 2165 171 2221 Atque
181 2164 211 2208 ita
220 2178 259 2222 per
267 2165 375 2222 populum
384 2166 494 2212 fumantia
503 2181 568 2211 mane
577 2166 660 2211 solebat
