1650 2584
112 171 153 213 ³50
341 172 524 218 PdsT-ORUM
685 184 706 213 v·
721 183 758 212 2²·

137 264 163 306 Et
173 262 198 306 fit
207 261 307 320 adoptiva
316 263 430 307 nobilitate
441 274 498 307 tuus.

109 335 153 380 Hoc
163 348 224 394 pater
233 339 318 391 iliades,
328 354 398 395 quum
408 339 500 395 longum
509 337 611 380 scriberet
619 348 719 385 aunum,

137 412 208 463 Vidit,
219 423 240 456 et
249 424 347 456 auctores
356 413 440 456 rettulit
449 413 493 468 ipse
503 425 561 454 suos.

83 504 86 513 ·
110 484 180 540 thue
190 484 236 528 fero
246 485 309 528 Marti
319 485 413 541 primam
424 485 482 526 dedit
492 483 568 526 ordine
576 491 669 532 sortem,

137 559 199 616 Quod
208 558 249 601 sibi
258 559 354 601 nascenti
364 559 465 614 proxima
474 570 538 599 causa
549 555 602 605 fuit3

106 631 139 674 Sic
150 633 267 679 Venerem,
277 632 379 688 gradibus
388 629 465 673 multis
475 630 496 672 in
510 638 572 685 gente
582 637 691 685 repertam

136 703 229 747 atterius
239 704 308 747 voluit
318 703 398 746 mensis
407 703 487 745 habere
496 702 578 744 locum.

106 777 282 833 Principiumque
291 777 428 833 sui-generis,
439 775 578 831 revolutaque
586 786 686 830 quarens

136 849 223 902 Secula,
233 859 335 906 cognatos
343 850 403 893 venit
411 850 439 892 ad
449 863 518 906 usque
527 851 588 891 ocos.

106 924 221 966 Dardanon
230 923 312 966 Electra
321 912 412 966 nesciret
422 921 528 966 Atlantide
538 931 624 963 cretum

137 996 230 1047 Scilicet;
240 995 338 1040 Electran
349 997 492 1039 concubuisse
500 994 560 1051 lovi?

106 1066 176 1126 Hujus
185 1069 336 1112 Erichthonius
345 1085 349 1110 :
358 1071 412 1112 Tros
422 1079 454 1112 est
463 1078 576 1125 generatus
586 1068 614 1109 ab
623 1065 673 1108 ilio:

134 1144 251 1187 Assaracon
260 1143 374 1195 meothis,
384 1146 540 1199 Assaracusque
550 1144 630 1199 Capyn.

105 1215 219 1258 Proximus
228 1214 345 1269 anchisen,
355 1229 406 1258 cum
416 1230 461 1273 quo
471 1227 589 1258 commune
598 1211 696 1269 parentis

134 1289 184 1330 Non
193 1286 308 1344 dedignata
318 1298 350 1331 est
359 1302 442 1330 nomen
450 1289 530 1331 habere
540 1289 625 1330 Venus:

105 1362 159 1406 Hinc
168 1372 228 1405 satus
237 1364 323 1413 Encas,
333 1362 401 1419 pietas
410 1372 505 1418 spectata
514 1375 553 1417 per
561 1360 634 1417 ignes,

134 1439 197 1480 Sacra
204 1422 346 1494 ‚natumque
356 1438 465 1489 humeris,
475 1436 543 1480 altera
552 1449 625 1486 sacra,
635 1433 695 1478 tulit.

104 1510 211 1555 Venimus
220 1512 247 1553 ad
257 1510 307 1554 felix
318 1511 435 1568 aliquando
444 1525 525 1554 nomen
535 1509 587 1559 tui,

133 1586 194 1628 Unde
203 1585 283 1628 domus
292 1587 388 1628 Teucros
396 1585 454 1628 Iulia
463 1585 532 1641 tangit
541 1597 599 1626 avos.

102 1659 218 1702 Postumus
228 1657 280 1700 huic
288 1673 294 1697 :
303 1658 352 1714 qui,
362 1659 422 1714 quod
431 1657 488 1699 silvis
498 1656 541 1699 fuit
550 1665 611 1699 ortus
620 1655 644 1697 in
653 1653 717 1701 aitis,

132 1733 209 1776 Silvius
219 1733 241 1775 in
251 1733 310 1776 Latia
319 1744 381 1790 gente
390 1742 481 1777 vocatus
489 1741 543 1775 erat.

101 1809 175 1863 Isque,
185 1806 270 1857 Lause,
280 1807 319 1850 tibi
329 1817 390 1863 pater
399 1817 432 1849 est
440 1822 445 1846 :
454 1806 513 1849 subit
522 1805 575 1848 Alba
584 1804 690 1847 Latinum
699 1818 703 1841 :

131 1882 245 1925 Proximus
253 1892 285 1925 est
295 1882 363 1926 titulis
372 1882 456 1938 apicus,
466 1882 530 1929 biba.
540 1881 591 1924 tuis.

21 1946 23 1951 ⁸
103 1956 140 2000 llic
150 1950 213 1999 dedit
218 1957 283 2013 Capyi
293 1956 385 1999 recidiva
394 1955 500 1998 vocabula
509 1954 590 2010 Trojae3

131 2032 157 2073 Et
166 2040 217 2074 tuus
226 2038 258 2073 est
267 2030 336 2079 idem,
345 2029 443 2085 cupere,
453 2028 524 2070 factus
533 2041 593 2070 avus.

101 2103 218 2160 Quumque
227 2102 294 2159 patris
304 2116 395 2159 regnum
405 2112 454 2158 post
463 2103 522 2144 huuc
531 2099 645 2143 Tiberinus
654 2099 759 2143 haberet.

131 2175 213 2218 Dicitur
222 2175 244 2217 iu
254 2177 327 2219 Tuscae
336 2175 421 2232 gurgite
430 2188 514 2218 mersus
523 2187 590 2229 aquae.
