1650 2584
78 209 97 237 v.
110 207 156 248 77¹·
316 196 415 237 LIBER
433 195 475 237 vt.
674 200 714 239 351

78 290 179 329 Teneone
189 283 301 335 labuntur,
311 283 424 340 tacitisque
433 284 566 327 senescimus
576 287 649 338 aunis;

106 361 130 402 Et
139 358 238 415 lugiunt,
248 357 310 400 freno
320 372 364 400 nou
377 369 510 411 remorante,
521 359 573 401 dies.
657 402 663 409 ,

77 437 146 492 Quam
156 434 200 476 cito
210 442 316 475 venerunt
326 434 427 475 Fortunae
436 433 505 475 Fortis
515 433 619 475 honores!
655 432 662 449 ¹

107 511 153 550 Post
161 517 243 563 septem
253 506 312 549 luces
321 507 399 549 lunius
409 516 471 549 ectus
481 504 528 548 erit.

78 585 118 632 lte,
127 583 190 624 deam
199 581 242 625 leti
252 584 338 625 Fortem
348 581 467 632 celebrate,
477 580 584 639 Quirites:

107 657 130 697 ln
139 656 220 699 Tiberis
230 656 276 712 ripe
287 669 379 713 munere
388 655 450 712 Regis
459 656 534 697 habet.

77 733 126 773 Pars
135 731 198 785 pede,
208 745 258 787 pars
267 730 333 773 etiam
344 730 407 773 celeri
417 731 525 773 decurrite
535 730 625 787 cymba,-

106 807 149 847 Nee
159 807 240 861 pudeat
249 816 311 862 potos
321 807 371 849 inde
382 806 452 849 redire
461 806 563 849 domurn.

77 880 136 921 Ferte
145 890 253 922 coronate
259 879 369 936 juvenum
380 879 479 922 convivia
489 879 575 930 lintree;

106 954 216 1010 Multaque
226 969 265 1011 per
274 956 357 998 medias
367 956 419 998 vina
427 955 534 997 bibentur
543 967 618 1011 aquae.

76 1028 136 1072 Plebs
146 1029 197 1074 colit
206 1030 275 1074 hune:
286 1032 348 1086 quia,
358 1031 397 1087 qui
406 1031 492 1087 posuit,
502 1031 529 1072 de
538 1029 601 1086 plebe
611 1027 679 1070 tuisse

105 1105 188 1152 Fertur.
198 1113 219 1146 et
228 1118 254 1146 ex
263 1104 342 1146 humili
352 1114 436 1160 sceptra
445 1103 520 1147 tulisse
529 1101 585 1145 loeo.

74 1178 181 1221 Convenit
190 1189 211 1221 et
220 1180 285 1221 servis
294 1196 299 1221 :
308 1166 369 1223 selva
379 1179 432 1236 quia
440 1179 525 1222 Tullius
535 1189 596 1221 ortus

103 1252 223 1297 Constituit
231 1255 303 1297 dubie
313 1254 395 1311 templa
404 1254 528 1312 propinqua
537 1255 588 1297 dere.

74 1403 143 1447 Ecce.
153 1400 281 1441 suburbana
292 1401 376 1441 rediens
386 1399 444 1442 mele
454 1400 540 1442 sobrius
549 1400 605 1451 tede,

105 1474 137 1514 Ad
147 1472 219 1515 stellas
228 1472 306 1528 aliquis
316 1472 368 1515 talia
378 1473 443 1514 verbu
449 1473 517 1528 jecit:

74 1546 137 1587 Zona
146 1544 199 1587 latet
209 1554 246 1587 tua
255 1558 326 1594 nunc,
336 1554 358 1587 et
368 1558 415 1587 cras
425 1544 516 1588 fortusse
525 1544 611 1597 lutebi13

106 1619 188 1662 Dehinc
198 1620 249 1670 erit,
260 1622 337 1673 Orion,
347 1620 487 1678 adspicienda
496 1621 558 1663 mihi.

73 1698 102 1741 At
112 1697 130 1738 si
141 1709 186 1737 nou
196 1707 251 1739 esset
261 1707 337 1752 petus,
346 1696 434 1740 dixisset
443 1698 519 1739 eadem

104 1773 231 1815 Venturum
241 1781 328 1829 tempus
337 1771 450 1815 solstitiale
459 1773 502 1815 die.

72 1923 184 1964 Lucrruo
194 1921 313 1972 subeunte,
324 1924 386 1964 Lares
396 1919 488 1964 delubra
497 1919 606 1972 tulerunt,

104 1996 144 2036 llic
155 1995 193 2036 ubi
204 1993 230 2037 fit
239 1996 304 2037 decta
314 1994 385 2037 multa
394 2008 476 2036 corona
488 2008 563 2036 mauu.

72 2070 172 2124 Tempus
182 2067 240 2111 idem
250 2071 323 2112 Stator
330 2069 381 2112 „edis
391 2069 469 2120 habet,
479 2082 548 2124 quam
556 2066 663 2112 Rourulus
673 2065 726 2108 olim

104 2146 161 2187 Ante
170 2144 258 2188 Palatini
269 2145 366 2188 condidit
377 2159 414 2188 ora
421 2143 478 2201 jugi.
