1650 2584
50 203 129 255 naor.
300 198 402 240 LIBER
420 198 451 238 11.
669 204 695 252 ⁵7

51 291 95 335 Ales
104 295 182 342 habet,
192 292 257 348 qnod
266 300 328 333 amet
337 307 341 330 :
352 303 404 331 cum
413 303 458 344 quo
467 302 506 332 sua
515 289 593 345 gaudia
599 289 689 347 jungat,

80 369 161 411 invenit
170 368 194 410 iu
204 366 281 409 media
291 364 375 406 femina
386 363 449 419 piscis
458 379 521 419 equa.

53 442 116 484 Cerva
126 456 201 497 parem
212 440 329 496 seqnitur:
341 451 429 494 serpens
437 450 535 494 serpente
545 449 643 483 tenetur:

83 517 147 558 Haeret
157 514 268 557 adulterio
279 526 331 555 cum
342 527 395 554 caue
406 526 461 555 nexa
471 514 536 555 canis.

53 587 103 630 h’ta
113 589 191 631 salitur
200 588 247 630 ovis
256 603 262 628 τ
273 597 338 629 tauro
347 600 437 641 quoque
445 586 493 629 laeta
499 586 593 641 jumnoa
602 597 648 631 est.

80 663 174 705 Sustinet
184 662 331 704 immundum
340 660 397 702 sima
406 660 488 716 capena
498 674 589 704 marem.

54 737 75 777 ln
85 736 152 778 furius
161 737 276 791 agitantur
285 749 345 790 equae
352 767 358 783 ,
366 735 479 790 spatioque
491 746 575 777 remota

81 813 117 852 Per
126 810 175 853 ioca
184 810 286 853 dividuos
295 822 361 851 amne
370 820 492 862 sequuntur
501 822 576 863 equos.

54 884 105 937 Ergo
114 898 164 937 alze,
174 894 195 925 et
206 884 267 924 iratae
277 881 422 923 medicamina
432 880 496 924 fortia
507 882 592 937 praebe:

83 958 120 1000 uta
129 958 170 999 feri
180 957 279 1012 requiem
289 955 334 998 sola
345 957 426 997 doloris
436 958 524 998 habent.

56 1029 92 1072 lita
102 1030 242 1073 1ῐεοὴιοιιὶοε
252 1039 356 1084 superant
367 1030 511 1071 medicamina
520 1044 610 1072 succos:

85 1105 130 1150 nis.
140 1105 179 1146 nbi
189 1104 296 1160 peccaris,
307 1103 453 1145 restituendus
463 1103 510 1145 eris.

58 1179 101 1221 flac
110 1193 150 1233 ego
161 1193 231 1233 quum
241 1191 353 1226 canerem,
363 1176 437 1218 subito
447 1176 575 1221 manifestus
584 1177 660 1234 Apollo

85 1252 150 1295 Movit
161 1252 266 1294 inaurntre
276 1249 353 1307 pollice
365 1249 401 1291 fita
412 1249 469 1306 lyrae.

59 1327 83 1368 ln
91 1326 193 1368 manibus
204 1325 291 1367 laurus:
302 1323 368 1365 sacris
378 1324 466 1366 inducta
476 1324 558 1380 capillis

85 1402 166 1444 Laurus
176 1408 235 1442 erat:
247 1410 304 1442 vates
315 1397 350 1440 ilie
361 1398 464 1439 videndus
474 1398 523 1454 agit.

61 1475 151 1525 lamini,
161 1473 253 1525 Limici,
263 1473 328 1523 dixit,
338 1483 456 1529 preceptor
466 1473 562 1523 Amoris,

86 1551 141 1599 Duc.
152 1564 202 1604 age,
211 1547 330 1603 discipulos
339 1548 425 1589 admea
436 1547 516 1602 templa
527 1557 583 1590 tuos.

61 1623 93 1666 Est
102 1624 131 1666 ibi
142 1623 252 1664 diversum
263 1620 324 1663 fama
334 1620 440 1663 celebrata
451 1634 489 1675 per
498 1622 574 1662 orbem

87 1697 166 1747 litera,
176 1694 277 1751 cognosci
287 1707 335 1750 queo
345 1693 385 1735 sibi
395 1707 504 1749 quemque
511 1693 582 1749 jubet.

62 1772 99 1829 Qui
108 1772 149 1813 sibi
160 1782 226 1813 notua
235 1769 287 1819 erit,
297 1769 356 1811 solus
365 1769 473 1824 sapienter
482 1769 575 1820 amabit;

88 1849 155 1903 Atque
164 1860 220 1902 opus
230 1846 258 1887 ad
268 1844 323 1886 vires
333 1844 403 1886 exuet
410 1858 476 1885 omne
485 1858 541 1886 suae.

62 1922 98 1965 cui
108 1922 185 1964 facicm
196 1932 276 1963 natura
286 1920 356 1965 dedit,
365 1928 474 1974 spectetur
483 1920 510 1960 ab
520 1919 570 1962 iiia:

88 1996 126 2039 eui
136 1995 196 2038 color
205 2004 248 2043 est,
259 1994 353 2034 humero
362 2007 418 2047 soepe
427 2004 512 2046 patente
522 1994 593 2035 cubet.

64 2070 103 2127 Qui
112 2083 212 2111 sermone
222 2067 305 2123 piacet.
317 2066 425 2108 taciturna
435 2066 518 2108 silentia
530 2077 629 2122 rumpat:

92 2143 131 2200 Qui
141 2142 200 2185 canit
210 2151 269 2191 arte,
279 2150 343 2182 canat
352 2156 356 2181 :
365 2139 403 2195 qui
413 2140 469 2181 bibit
478 2150 535 2189 arte,
546 2140 613 2182 bibat

66 2214 102 2257 Sed
110 2230 179 2272 neque
188 2213 315 2258 declament
324 2213 396 2255 medio
404 2226 504 2254 sermone
513 2212 600 2254 diserti:
