1650 2584
113 192 142 245 94
282 191 380 231 aarrs
398 191 585 235 tricoria
675 199 755 252 tow.

141 281 191 322 Non
201 279 264 322 docet
273 278 362 322 infestos
372 293 459 322 currere
469 294 531 323 cerva
540 295 610 324 cauea

111 354 193 397 Viderit
203 353 284 396 utilitas
293 367 297 391 :
308 362 414 409 praecepta
423 353 516 396 fideliter
525 356 596 398 edam.

139 426 246 469 Lemniasi
255 426 336 482 gladios
345 427 368 468 in
378 441 428 468 mea
437 426 483 469 fata
492 428 556 470 dabo.

109 502 204 552 Efficite,
214 512 236 544 et
244 500 306 543 facile
316 511 359 551 est,
369 510 394 543 ut
403 515 443 543 nos
453 503 568 544 credamus
576 505 648 547 amari
657 521 663 548 :

137 578 207 618 Prona
216 576 275 618 venit
284 575 368 631 cupidis
377 575 400 616 in
411 588 451 617 sua
461 585 510 618 vota
520 575 580 619 fides.

109 650 193 706 Spectet
202 648 317 693 amabilius
323 649 441 704 juvenem
450 649 544 705 suspiret
553 651 581 693 ab
590 651 638 694 imo

138 723 236 772 Femina3
247 733 292 765 tam
302 736 349 764 sero
358 736 398 764 cur
406 721 522 777 veniatque
531 735 597 780 roget.

107 796 215 838 Accedant
224 794 336 852 lacryma,
345 794 408 836 dolor
417 804 438 836 et
447 795 474 836 de
483 794 559 850 pellice
568 796 647 840 fictus:

48 859 50 864 ’
135 871 161 911 Et
170 867 236 910 laniet
244 866 315 922 digitis
324 866 382 909 illius
391 880 430 908 ora
439 866 491 908 suis.

105 943 240 985 iamdudum
249 955 364 997 persuasus
373 942 425 992 erin
435 941 574 985 miserebitur
582 943 656 986 ultro:

134 1018 160 1059 Et
169 1015 236 1066 dicet,
246 1016 302 1057 Cura
311 1015 408 1070 carpitur
417 1014 458 1056 ista
468 1015 518 1057 mei.

106 1089 224 1144 Praecipue,
233 1087 251 1129 si
260 1086 332 1129 cultus
341 1088 392 1137 erit,
402 1086 533 1143 speculoque
541 1087 648 1144 placebit,

133 1166 195 1206 Posse
204 1175 244 1204 suo
254 1161 313 1216 tangi
322 1162 394 1203 credet
403 1174 478 1203 amore
487 1164 545 1204 Deae.

103 1237 143 1280 Sed
153 1245 184 1287 te,
194 1248 329 1291 quaecunque
338 1247 372 1285 es,
382 1234 493 1276 moderate
502 1233 583 1289 injuria
593 1237 680 1288 turbet;

133 1312 181 1352 Neu
190 1309 219 1351 sis
228 1308 302 1350 audita
312 1307 386 1363 pellice
397 1307 475 1350 mentis
485 1307 553 1363 inops.

102 1387 146 1427 Nec
156 1385 199 1428 cito
209 1383 330 1426 credideris.
341 1385 454 1441 Quantum
464 1382 507 1424 cito
516 1383 602 1426 credere
612 1385 690 1438 laedat,

129 1460 258 1516 Exemplum
268 1458 328 1500 vobis
337 1472 382 1500 non
392 1459 437 1500 leve
446 1457 528 1500 Procris
537 1458 583 1501 erit.

100 1537 135 1578 Est
144 1521 210 1590 prope
221 1546 341 1590 purpureos
350 1531 414 1574 colles
424 1531 520 1574 florentis
530 1533 625 1589 Hymetti

128 1610 183 1649 Fons
193 1620 258 1656 sacer,
268 1615 290 1648 et
299 1605 360 1647 viridi
370 1604 449 1660 cespite
459 1604 530 1647 mollis
539 1606 629 1649 humus.

99 1680 154 1724 Silva
163 1694 242 1723 nemus
249 1673 296 1721 boa
306 1678 349 1721 alta
359 1678 411 1721 tacit
420 1693 425 1718 ε
435 1679 489 1734 tegit
496 1680 587 1723 arbutus
596 1681 705 1727 herbam:

126 1757 168 1797 lios
177 1754 255 1801 maris,
266 1763 287 1795 et
296 1752 364 1804 lauri,
373 1752 479 1808 nigraque
489 1762 574 1811 myrtus
582 1754 650 1799 olent.

97 1832 140 1872 Nec
150 1830 220 1871 deuse
230 1826 287 1868 foliis
297 1827 359 1877 buxi,
370 1826 499 1882 fragilesque
508 1828 606 1885 myrice,

125 1906 169 1946 Nec
179 1913 254 1945 tenues
263 1901 335 1958 cytisi,
345 1901 448 1956 cultaque
457 1900 522 1957 pinus
531 1901 600 1945 abest.

95 1976 187 2018 Lenibus
196 1972 295 2027 impulsae
304 1974 419 2030 Zephyris,
429 1987 525 2028 auraque
534 1974 627 2027 salubri,

122 2050 164 2090 Tot
172 2058 276 2101 generum
286 2043 384 2094 frondes.
394 2047 505 2102 herbaque
514 2062 614 2100 summa,
624 2061 736 2097 tremunt.

94 2124 158 2163 Grata
166 2118 227 2173 quies
236 2117 336 2172 Cephalo.
347 2119 442 2161 Famulis
452 2121 586 2178 canibusque
597 2122 677 2168 relictis

120 2194 196 2231 Lassus
205 2188 228 2229 in
237 2188 278 2230 hac
285 2188 373 2243 juvenis
381 2204 437 2246 sape
447 2192 525 2236 resedit
533 2194 611 2237 humo.
