1650 2584
124 213 150 251 52
292 211 390 255 altars
409 211 592 253 Antronas
679 214 761 267 nhqfi.

152 300 222 355 Quam
232 299 271 342 tibi
281 301 334 342 dum
344 301 428 357 capias,
438 300 499 344 tedia
509 300 569 343 nulla
578 300 636 357 fuge.

122 373 152 415 'le
161 387 246 429 semper
255 374 336 416 videat:
348 374 386 417 tibi
396 389 482 430 semper
490 377 584 429 prebeat
593 389 684 418 aurem:

153 446 255 490 Exhibeat
266 448 337 490 vultus
347 461 431 503 noxque
441 448 529 503 diesque
539 458 594 490 tuos.

124 522 197 578 Quum
208 520 246 562 tihi
256 520 328 576 major
337 520 376 562 erit
387 520 477 567 fiducia,
488 533 549 575 posse
560 520 651 575 requiri;

152 598 208 638 Tum
219 596 305 651 procul,
316 597 398 638 absenti
408 609 460 637 cura
471 595 569 643 futurus,
578 596 621 637 abi.

123 670 153 712 lla
163 670 266 725 requiem.
276 661 391 725 Requietu‘s
400 683 451 725 ager
460 670 514 711 bene
524 669 605 711 eredita
614 670 699 713 reddit:

154 746 261 799 Terraque
270 743 365 786 caelestes
374 743 434 784 arida
443 743 516 784 sorbet
525 756 598 798 aquas.

78 841 80 845 ·
124 818 220 876 Phyllida
231 819 370 874 Demophoon
381 831 473 874 praesens
483 817 617 860 moderatius
626 816 694 860 ussit:

155 891 236 934 Exarsit
245 891 296 933 velis
306 892 376 933 acrius
385 890 422 931 illa
430 890 493 932 datis.

126 966 258 1023 (Penelopen
268 966 344 1007 absens
353 964 427 1006 sollers
438 965 552 1018 torquebat
561 963 643 1007 Ulixes:

154 1038 286 1095 Phyllacides
295 1039 367 1079 aherat
375 1069 380 1087 ,
389 1037 519 1087 Laodamia,
530 1036 601 1091 tuns.)

126 1115 166 1156 Sed
176 1114 238 1155 mora
248 1122 294 1155 tuta
304 1113 384 1155 brevis:
396 1111 517 1156 lentescunt
528 1120 624 1166 tempore
633 1124 703 1161 eurae;

156 1187 298 1243 Vanescitque
308 1188 395 1237 absens,
405 1197 427 1229 et
437 1200 505 1228 navus
515 1185 592 1234 intrat,
602 1198 673 1226 amor.

127 1264 182 1306 Dum
193 1261 302 1304 Menelaus
311 1262 382 1313 abest,
392 1261 480 1312 Helene,
490 1274 517 1302 ne
527 1259 574 1302 sola
578 1258 673 1315 jaceret,

158 1337 250 1394 Hospitis
259 1348 290 1379 est
300 1337 372 1393 tepido
381 1345 444 1378 nocte
454 1344 539 1390 recepta
548 1334 604 1376 sinu.

129 1411 171 1470 Qui
180 1420 256 1467 stupor
264 1408 311 1459 hie,
321 1408 426 1460 Menelae,
435 1407 490 1450 fuit?
500 1418 524 1450 tu
533 1407 591 1450 solus
600 1408 692 1451 abibas:

73 1474 76 1481 ,
158 1487 227 1529 Isdem
235 1486 278 1528 sub
288 1485 348 1529 tectis
357 1485 434 1541 hospes
444 1493 465 1526 et
474 1497 528 1525 uxor
537 1493 606 1526 erant.

129 1560 228 1616 Accipitri
239 1560 325 1602 timidas
334 1558 412 1607 eredis,
424 1557 516 1606 famose,
525 1557 652 1600 columban

131 1638 135 1645 '
159 1634 249 1676 Plenum
259 1644 364 1676 montano
373 1632 442 1673 eredis
450 1631 505 1673 ovile
514 1631 579 1687 tupot

130 1706 166 1749 Nil
176 1706 253 1748 lleleue
262 1715 346 1761 peccat3
358 1703 389 1746 nil
398 1704 433 1746 hie
443 1703 562 1745 committit
570 1703 670 1746 adulter:

160 1781 222 1838 Quod
233 1790 268 1831 tu,
277 1781 336 1835 quod
347 1778 427 1821 laceret
435 1778 537 1833 quilibet,
547 1776 582 1820 ille
593 1777 651 1821 feeit.

130 1855 192 1910 Cogis
201 1836 344 1901 adulterium,
354 1852 427 1895 dando
437 1861 565 1906 tempusque
575 1850 701 1907 locumque.

160 1930 220 1983 Quo,
230 1925 271 1968 nisi
281 1925 370 1968 consilio
380 1936 412 1967 est
422 1939 461 1966 usa
470 1923 542 1979 puella
552 1928 602 1966 tuol

131 2002 187 2061 Quid
197 1999 274 2043 faeiat?
284 2000 316 2042 vir
325 2001 395 2050 abest;
406 2010 427 2041 et
436 2000 496 2041 adest
505 2012 549 2040 uon
559 1997 653 2041 rusticus
662 2000 757 2057 hospes:

161 2075 186 2115 Et
196 2072 258 2114 timet
267 2071 289 2113 iu
299 2085 366 2114 vacuo
376 2071 422 2113 sola
431 2072 511 2113 cuhare
521 2080 575 2113 toro.

132 2145 216 2187 Viderit
224 2145 318 2186 Atrides:
331 2144 421 2185 Helenen
432 2158 470 2198 ego
480 2144 571 2186 crimine
580 2144 647 2187 solvo.

161 2220 202 2260 Usa
212 2227 244 2260 est
253 2217 345 2260 humani
353 2217 509 2260 commoditate
518 2216 564 2260 viri.
