<?xml version="1.0" encoding="UTF-8"?>
<!DOCTYPE html PUBLIC "-//W3C//DTD XHTML 1.0 Transitional//EN"
    "http://www.w3.org/TR/xhtml1/DTD/xhtml1-transitional.dtd">
<html xmlns="http://www.w3.org/1999/xhtml" xml:lang="en" lang="en">
 <head>
  <title>
</title>
<meta http-equiv="Content-Type" content="text/html;charset=utf-8" />
  <meta name='ocr-system' content='tesseract 3.04.00' />
  <meta name='ocr-capabilities' content='ocr_page ocr_carea ocr_par ocr_line ocrx_word'/>
</head>
<body>
  <div class='ocr_page' id='page_1' title='image "./opera01accugoog_0092.png"; bbox 0 0 1650 2584; ppageno 0'>
   <div class='ocr_carea' id='block_1_1' title="bbox 109 194 756 1517">
    <p class='ocr_par' dir='ltr' id='par_1_1' title="bbox 109 194 756 1517">
     <span class='ocr_line' id='line_1_1' title="bbox 116 194 756 251; baseline 0.003 -14"><span class='ocrx_word' id='word_1_1' title='bbox 116 209 145 251; x_wconf 59' lang='lat' dir='ltr'>go</span> <span class='ocrx_word' id='word_1_2' title='bbox 281 196 382 238; x_wconf 78' lang='lat' dir='ltr'>tarts</span> <span class='ocrx_word' id='word_1_3' title='bbox 399 194 584 239; x_wconf 73' lang='lat' dir='ltr'>AMATORIAE</span> <span class='ocrx_word' id='word_1_4' title='bbox 672 199 756 241; x_wconf 61' lang='lat' dir='ltr'>mssa.</span> 
     </span>
     <span class='ocr_line' id='line_1_2' title="bbox 143 282 571 341; baseline 0.005 -16"><span class='ocrx_word' id='word_1_5' title='bbox 143 282 251 338; x_wconf 76' lang='lat' dir='ltr'>Cingenda</span> <span class='ocrx_word' id='word_1_6' title='bbox 260 294 291 326; x_wconf 84' lang='lat' dir='ltr'>est</span> <span class='ocrx_word' id='word_1_7' title='bbox 300 283 349 327; x_wconf 87' lang='lat' dir='ltr'>altis</span> <span class='ocrx_word' id='word_1_8' title='bbox 357 283 444 339; x_wconf 88' lang='lat' dir='ltr'>sepibus</span> <span class='ocrx_word' id='word_1_9' title='bbox 453 284 493 327; x_wconf 90' lang='lat' dir='ltr'>ista</span> <span class='ocrx_word' id='word_1_10' title='bbox 503 295 571 341; x_wconf 70' lang='lat' dir='ltr'>seges:</span> 
     </span>
     <span class='ocr_line' id='line_1_3' title="bbox 113 345 610 413; baseline 0 -12"><span class='ocrx_word' id='word_1_11' title='bbox 113 357 190 413; x_wconf 73' lang='lat' dir='ltr'>Effuge</span> <span class='ocrx_word' id='word_1_12' title='bbox 200 357 288 400; x_wconf 84' lang='lat' dir='ltr'>rivalem</span> <span class='ocrx_word' id='word_1_13' title='bbox 296 345 305 399; x_wconf 39' lang='lat'>:¹</span> <span class='ocrx_word' id='word_1_14' title='bbox 311 358 392 409; x_wconf 82' lang='lat' dir='ltr'>vinces,</span> <span class='ocrx_word' id='word_1_15' title='bbox 402 358 457 400; x_wconf 88' lang='lat' dir='ltr'>dum</span> <span class='ocrx_word' id='word_1_16' title='bbox 467 356 513 400; x_wconf 81' lang='lat' dir='ltr'>sola</span> <span class='ocrx_word' id='word_1_17' title='bbox 521 357 610 401; x_wconf 82' lang='lat' dir='ltr'>tenebis.</span> 
     </span>
     <span class='ocr_line' id='line_1_4' title="bbox 143 432 702 488; baseline 0.007 -15"><span class='ocrx_word' id='word_1_18' title='bbox 143 433 191 473; x_wconf 87' lang='lat' dir='ltr'>Non</span> <span class='ocrx_word' id='word_1_19' title='bbox 202 434 255 474; x_wconf 88' lang='lat' dir='ltr'>bene</span> <span class='ocrx_word' id='word_1_20' title='bbox 265 446 316 474; x_wconf 87' lang='lat' dir='ltr'>cum</span> <span class='ocrx_word' id='word_1_21' title='bbox 325 432 388 474; x_wconf 89' lang='lat' dir='ltr'>sociis</span> <span class='ocrx_word' id='word_1_22' title='bbox 397 444 463 487; x_wconf 76' lang='lat' dir='ltr'>regua</span> <span class='ocrx_word' id='word_1_23' title='bbox 474 434 590 488; x_wconf 75' lang='lat' dir='ltr'>Venusque</span> <span class='ocrx_word' id='word_1_24' title='bbox 600 445 702 478; x_wconf 77' lang='lat' dir='ltr'>mouent.</span> 
     </span>
     <span class='ocr_line' id='line_1_5' title="bbox 112 503 634 560; baseline 0.002 -13"><span class='ocrx_word' id='word_1_25' title='bbox 112 503 150 547; x_wconf 85' lang='lat' dir='ltr'>ilie</span> <span class='ocrx_word' id='word_1_26' title='bbox 160 515 219 547; x_wconf 89' lang='lat' dir='ltr'>vetus</span> <span class='ocrx_word' id='word_1_27' title='bbox 230 505 291 547; x_wconf 86' lang='lat' dir='ltr'>miles</span> <span class='ocrx_word' id='word_1_28' title='bbox 300 505 380 547; x_wconf 89' lang='lat' dir='ltr'>sensim</span> <span class='ocrx_word' id='word_1_29' title='bbox 389 514 411 547; x_wconf 90' lang='lat' dir='ltr'>et</span> <span class='ocrx_word' id='word_1_30' title='bbox 420 505 528 560; x_wconf 83' lang='lat' dir='ltr'>sapienter</span> <span class='ocrx_word' id='word_1_31' title='bbox 537 506 634 550; x_wconf 87' lang='lat' dir='ltr'>amabit:</span> 
     </span>
     <span class='ocr_line' id='line_1_6' title="bbox 142 579 561 635; baseline -0.002 -14"><span class='ocrx_word' id='word_1_32' title='bbox 142 579 253 635; x_wconf 85' lang='lat' dir='ltr'>Multaque</span> <span class='ocrx_word' id='word_1_33' title='bbox 263 580 326 622; x_wconf 88' lang='lat' dir='ltr'>tironi</span> <span class='ocrx_word' id='word_1_34' title='bbox 336 593 380 621; x_wconf 90' lang='lat' dir='ltr'>nou</span> <span class='ocrx_word' id='word_1_35' title='bbox 390 579 491 635; x_wconf 85' lang='lat' dir='ltr'>patienda</span> <span class='ocrx_word' id='word_1_36' title='bbox 501 579 561 624; x_wconf 82' lang='lat' dir='ltr'>feret.</span> 
     </span>
     <span class='ocr_line' id='line_1_7' title="bbox 113 652 626 711; baseline 0.006 -16"><span class='ocrx_word' id='word_1_37' title='bbox 113 654 158 695; x_wconf 85' lang='lat' dir='ltr'>Nec</span> <span class='ocrx_word' id='word_1_38' title='bbox 169 652 252 709; x_wconf 71' lang='lat' dir='ltr'>franget</span> <span class='ocrx_word' id='word_1_39' title='bbox 261 664 343 709; x_wconf 83' lang='lat' dir='ltr'>postes,</span> <span class='ocrx_word' id='word_1_40' title='bbox 353 668 392 695; x_wconf 89' lang='lat' dir='ltr'>nec</span> <span class='ocrx_word' id='word_1_41' title='bbox 401 654 461 696; x_wconf 61' lang='lat' dir='ltr'>savis</span> <span class='ocrx_word' id='word_1_42' title='bbox 471 654 557 711; x_wconf 75' lang='lat' dir='ltr'>ignibus</span> <span class='ocrx_word' id='word_1_43' title='bbox 566 665 626 707; x_wconf 72' lang='lat' dir='ltr'>uret3</span> 
     </span>
     <span class='ocr_line' id='line_1_8' title="bbox 141 727 640 785; baseline 0.008 -17"><span class='ocrx_word' id='word_1_44' title='bbox 141 729 186 769; x_wconf 86' lang='lat' dir='ltr'>Nee</span> <span class='ocrx_word' id='word_1_45' title='bbox 195 727 288 770; x_wconf 73' lang='lat' dir='ltr'>domina</span> <span class='ocrx_word' id='word_1_46' title='bbox 299 737 381 771; x_wconf 78' lang='lat' dir='ltr'>teneras</span> <span class='ocrx_word' id='word_1_47' title='bbox 391 738 477 783; x_wconf 87' lang='lat' dir='ltr'>appetet</span> <span class='ocrx_word' id='word_1_48' title='bbox 486 742 559 784; x_wconf 68' lang='lat' dir='ltr'>ungue</span> <span class='ocrx_word' id='word_1_49' title='bbox 567 742 640 785; x_wconf 74' lang='lat' dir='ltr'>genas.</span> 
     </span>
     <span class='ocr_line' id='line_1_9' title="bbox 111 800 654 857; baseline 0.004 -15"><span class='ocrx_word' id='word_1_50' title='bbox 111 800 157 842; x_wconf 83' lang='lat' dir='ltr'>Neo</span> <span class='ocrx_word' id='word_1_51' title='bbox 165 802 248 843; x_wconf 81' lang='lat' dir='ltr'>scindet</span> <span class='ocrx_word' id='word_1_52' title='bbox 257 802 366 843; x_wconf 77' lang='lat' dir='ltr'>tunicasve</span> <span class='ocrx_word' id='word_1_53' title='bbox 374 814 435 850; x_wconf 81' lang='lat' dir='ltr'>suas,</span> <span class='ocrx_word' id='word_1_54' title='bbox 446 801 555 845; x_wconf 83' lang='lat' dir='ltr'>tunicasve</span> <span class='ocrx_word' id='word_1_55' title='bbox 564 802 654 857; x_wconf 80' lang='lat' dir='ltr'>puellae:</span> 
     </span>
     <span class='ocr_line' id='line_1_10' title="bbox 141 873 575 929; baseline 0 -14"><span class='ocrx_word' id='word_1_56' title='bbox 141 874 186 915; x_wconf 80' lang='lat' dir='ltr'>Nec</span> <span class='ocrx_word' id='word_1_57' title='bbox 196 883 270 929; x_wconf 87' lang='lat' dir='ltr'>raptus</span> <span class='ocrx_word' id='word_1_58' title='bbox 280 873 345 915; x_wconf 84' lang='lat' dir='ltr'>flendi</span> <span class='ocrx_word' id='word_1_59' title='bbox 354 887 420 915; x_wconf 80' lang='lat' dir='ltr'>causa</span> <span class='ocrx_word' id='word_1_60' title='bbox 429 873 518 928; x_wconf 79' lang='lat' dir='ltr'>capillus</span> <span class='ocrx_word' id='word_1_61' title='bbox 527 873 575 916; x_wconf 88' lang='lat' dir='ltr'>erit.</span> 
     </span>
     <span class='ocr_line' id='line_1_11' title="bbox 112 946 636 1003; baseline 0 -14"><span class='ocrx_word' id='word_1_62' title='bbox 112 948 155 990; x_wconf 82' lang='lat' dir='ltr'>Ista</span> <span class='ocrx_word' id='word_1_63' title='bbox 164 947 240 989; x_wconf 85' lang='lat' dir='ltr'>decent</span> <span class='ocrx_word' id='word_1_64' title='bbox 250 960 339 1001; x_wconf 82' lang='lat' dir='ltr'>pueros,</span> <span class='ocrx_word' id='word_1_65' title='bbox 348 957 409 988; x_wconf 83' lang='lat' dir='ltr'>aetate</span> <span class='ocrx_word' id='word_1_66' title='bbox 420 955 441 988; x_wconf 93' lang='lat' dir='ltr'>et</span> <span class='ocrx_word' id='word_1_67' title='bbox 449 960 523 988; x_wconf 87' lang='lat' dir='ltr'>amore</span> <span class='ocrx_word' id='word_1_68' title='bbox 532 946 636 1003; x_wconf 83' lang='lat' dir='ltr'>calentes:</span> 
     </span>
     <span class='ocr_line' id='line_1_12' title="bbox 141 1019 615 1075; baseline 0.004 -14"><span class='ocrx_word' id='word_1_69' title='bbox 141 1020 179 1062; x_wconf 80' lang='lat' dir='ltr'>ttic</span> <span class='ocrx_word' id='word_1_70' title='bbox 189 1019 233 1061; x_wconf 87' lang='lat' dir='ltr'>fera</span> <span class='ocrx_word' id='word_1_71' title='bbox 243 1020 363 1075; x_wconf 84' lang='lat' dir='ltr'>composita</span> <span class='ocrx_word' id='word_1_72' title='bbox 372 1019 462 1062; x_wconf 83' lang='lat' dir='ltr'>vulnera</span> <span class='ocrx_word' id='word_1_73' title='bbox 472 1031 544 1062; x_wconf 81' lang='lat' dir='ltr'>mente</span> <span class='ocrx_word' id='word_1_74' title='bbox 553 1020 615 1063; x_wconf 84' lang='lat' dir='ltr'>feret.</span> 
     </span>
     <span class='ocr_line' id='line_1_13' title="bbox 111 1093 625 1149; baseline 0.002 -14"><span class='ocrx_word' id='word_1_75' title='bbox 111 1093 199 1149; x_wconf 73' lang='lat' dir='ltr'>Ignibus</span> <span class='ocrx_word' id='word_1_76' title='bbox 209 1094 243 1135; x_wconf 91' lang='lat' dir='ltr'>hic</span> <span class='ocrx_word' id='word_1_77' title='bbox 253 1093 316 1135; x_wconf 80' lang='lat' dir='ltr'>lentis</span> <span class='ocrx_word' id='word_1_78' title='bbox 326 1103 413 1143; x_wconf 81' lang='lat' dir='ltr'>uretur,</span> <span class='ocrx_word' id='word_1_79' title='bbox 425 1103 448 1135; x_wconf 89' lang='lat' dir='ltr'>ut</span> <span class='ocrx_word' id='word_1_80' title='bbox 457 1093 549 1135; x_wconf 86' lang='lat' dir='ltr'>humida</span> <span class='ocrx_word' id='word_1_81' title='bbox 558 1094 625 1145; x_wconf 75' lang='lat' dir='ltr'>treda3</span> 
     </span>
     <span class='ocr_line' id='line_1_14' title="bbox 139 1165 572 1222; baseline -0.002 -14"><span class='ocrx_word' id='word_1_82' title='bbox 139 1168 166 1208; x_wconf 91' lang='lat' dir='ltr'>Ut</span> <span class='ocrx_word' id='word_1_83' title='bbox 177 1167 242 1208; x_wconf 90' lang='lat' dir='ltr'>modo</span> <span class='ocrx_word' id='word_1_84' title='bbox 252 1166 361 1208; x_wconf 85' lang='lat' dir='ltr'>montanis</span> <span class='ocrx_word' id='word_1_85' title='bbox 370 1166 424 1207; x_wconf 86' lang='lat' dir='ltr'>siiva</span> <span class='ocrx_word' id='word_1_86' title='bbox 434 1165 500 1207; x_wconf 84' lang='lat' dir='ltr'>recisa</span> <span class='ocrx_word' id='word_1_87' title='bbox 506 1165 572 1222; x_wconf 73' lang='lat' dir='ltr'>jugis.</span> 
     </span>
     <span class='ocr_line' id='line_1_15' title="bbox 109 1238 646 1282; baseline 0 0"><span class='ocrx_word' id='word_1_88' title='bbox 109 1238 192 1282; x_wconf 76' lang='lat' dir='ltr'>Certior</span> <span class='ocrx_word' id='word_1_89' title='bbox 201 1238 235 1281; x_wconf 86' lang='lat' dir='ltr'>hic</span> <span class='ocrx_word' id='word_1_90' title='bbox 246 1251 308 1281; x_wconf 84' lang='lat' dir='ltr'>amor</span> <span class='ocrx_word' id='word_1_91' title='bbox 316 1248 360 1281; x_wconf 86' lang='lat' dir='ltr'>est:</span> <span class='ocrx_word' id='word_1_92' title='bbox 372 1238 441 1281; x_wconf 88' lang='lat' dir='ltr'>brevis</span> <span class='ocrx_word' id='word_1_93' title='bbox 451 1248 472 1281; x_wconf 89' lang='lat' dir='ltr'>et</span> <span class='ocrx_word' id='word_1_94' title='bbox 482 1238 595 1282; x_wconf 83' lang='lat' dir='ltr'>fecundior</span> <span class='ocrx_word' id='word_1_95' title='bbox 603 1238 646 1282; x_wconf 86' lang='lat' dir='ltr'>ille.</span> 
     </span>
     <span class='ocr_line' id='line_1_16' title="bbox 140 1313 621 1370; baseline 0.008 -15"><span class='ocrx_word' id='word_1_96' title='bbox 140 1316 191 1370; x_wconf 70' lang='lat' dir='ltr'>Quae</span> <span class='ocrx_word' id='word_1_97' title='bbox 201 1313 299 1370; x_wconf 65' lang='lat' dir='ltr'>fugiunt,</span> <span class='ocrx_word' id='word_1_98' title='bbox 308 1313 371 1356; x_wconf 81' lang='lat' dir='ltr'>celeri</span> <span class='ocrx_word' id='word_1_99' title='bbox 380 1315 461 1370; x_wconf 83' lang='lat' dir='ltr'>carpite</span> <span class='ocrx_word' id='word_1_100' title='bbox 470 1329 535 1370; x_wconf 90' lang='lat' dir='ltr'>poma</span> <span class='ocrx_word' id='word_1_101' title='bbox 545 1329 621 1359; x_wconf 86' lang='lat' dir='ltr'>manu.</span> 
     </span>
     <span class='ocr_line' id='line_1_17' title="bbox 110 1388 632 1445; baseline 0.004 -13"><span class='ocrx_word' id='word_1_102' title='bbox 110 1388 190 1432; x_wconf 83' lang='lat' dir='ltr'>Omnia</span> <span class='ocrx_word' id='word_1_103' title='bbox 201 1389 320 1445; x_wconf 80' lang='lat' dir='ltr'>tradantur.</span> <span class='ocrx_word' id='word_1_104' title='bbox 330 1391 403 1431; x_wconf 88' lang='lat' dir='ltr'>Portas</span> <span class='ocrx_word' id='word_1_105' title='bbox 413 1390 554 1432; x_wconf 81' lang='lat' dir='ltr'>reseravimus</span> <span class='ocrx_word' id='word_1_106' title='bbox 563 1389 632 1443; x_wconf 86' lang='lat' dir='ltr'>bosti;</span> 
     </span>
     <span class='ocr_line' id='line_1_18' title="bbox 140 1460 510 1517; baseline 0.005 -14"><span class='ocrx_word' id='word_1_107' title='bbox 140 1463 165 1505; x_wconf 83' lang='lat' dir='ltr'>Et</span> <span class='ocrx_word' id='word_1_108' title='bbox 174 1463 202 1504; x_wconf 91' lang='lat' dir='ltr'>sit</span> <span class='ocrx_word' id='word_1_109' title='bbox 211 1461 233 1504; x_wconf 91' lang='lat' dir='ltr'>iu</span> <span class='ocrx_word' id='word_1_110' title='bbox 244 1460 310 1504; x_wconf 84' lang='lat' dir='ltr'>infida</span> <span class='ocrx_word' id='word_1_111' title='bbox 318 1462 442 1517; x_wconf 85' lang='lat' dir='ltr'>proditione</span> <span class='ocrx_word' id='word_1_112' title='bbox 451 1462 510 1505; x_wconf 88' lang='lat' dir='ltr'>fides.</span> 
     </span>
    </p>
   </div>
   <div class='ocr_carea' id='block_1_2' title="bbox 108 1536 727 1878">
    <p class='ocr_par' dir='ltr' id='par_1_2' title="bbox 109 1536 727 1669">
     <span class='ocr_line' id='line_1_19' title="bbox 109 1536 727 1594; baseline 0.005 -15"><span class='ocrx_word' id='word_1_113' title='bbox 109 1538 173 1594; x_wconf 75' lang='lat' dir='ltr'>Quod</span> <span class='ocrx_word' id='word_1_114' title='bbox 182 1538 247 1580; x_wconf 86' lang='lat' dir='ltr'>datur</span> <span class='ocrx_word' id='word_1_115' title='bbox 255 1551 281 1579; x_wconf 83' lang='lat' dir='ltr'>ex</span> <span class='ocrx_word' id='word_1_116' title='bbox 290 1536 360 1588; x_wconf 78' lang='lat' dir='ltr'>taciti,</span> <span class='ocrx_word' id='word_1_117' title='bbox 370 1537 461 1594; x_wconf 72' lang='lat' dir='ltr'>longum</span> <span class='ocrx_word' id='word_1_118' title='bbox 472 1538 529 1581; x_wconf 85' lang='lat' dir='ltr'>male</span> <span class='ocrx_word' id='word_1_119' title='bbox 537 1539 607 1582; x_wconf 87' lang='lat' dir='ltr'>nutrit</span> <span class='ocrx_word' id='word_1_120' title='bbox 617 1552 727 1585; x_wconf 75' lang='lat' dir='ltr'>amorem.</span> 
     </span>
     <span class='ocr_line' id='line_1_20' title="bbox 138 1612 571 1669; baseline 0.005 -15"><span class='ocrx_word' id='word_1_121' title='bbox 138 1612 246 1655; x_wconf 77' lang='lat' dir='ltr'>Miscenda</span> <span class='ocrx_word' id='word_1_122' title='bbox 254 1622 287 1655; x_wconf 91' lang='lat' dir='ltr'>est</span> <span class='ocrx_word' id='word_1_123' title='bbox 295 1612 349 1655; x_wconf 77' lang='lat' dir='ltr'>iaetis</span> <span class='ocrx_word' id='word_1_124' title='bbox 358 1627 405 1654; x_wconf 86' lang='lat' dir='ltr'>rara</span> <span class='ocrx_word' id='word_1_125' title='bbox 417 1613 500 1668; x_wconf 83' lang='lat' dir='ltr'>repulsa</span> <span class='ocrx_word' id='word_1_126' title='bbox 507 1614 571 1669; x_wconf 86' lang='lat' dir='ltr'>jocis.</span> 
     </span>
    </p>

    <p class='ocr_par' dir='ltr' id='par_1_3' title="bbox 109 1684 639 1817">
     <span class='ocr_line' id='line_1_21' title="bbox 109 1684 616 1742; baseline 0 -14"><span class='ocrx_word' id='word_1_127' title='bbox 109 1687 164 1728; x_wconf 73' lang='lat' dir='ltr'>Ante</span> <span class='ocrx_word' id='word_1_128' title='bbox 173 1684 229 1728; x_wconf 79' lang='lat' dir='ltr'>fores</span> <span class='ocrx_word' id='word_1_129' title='bbox 236 1684 307 1740; x_wconf 84' lang='lat' dir='ltr'>jaceat</span> <span class='ocrx_word' id='word_1_130' title='bbox 316 1702 321 1726; x_wconf 91' lang='lat'>:</span> <span class='ocrx_word' id='word_1_131' title='bbox 329 1685 426 1728; x_wconf 72' lang='lat' dir='ltr'>Crudelis</span> <span class='ocrx_word' id='word_1_132' title='bbox 432 1686 514 1742; x_wconf 78' lang='lat' dir='ltr'>janua,</span> <span class='ocrx_word' id='word_1_133' title='bbox 523 1686 616 1730; x_wconf 82' lang='lat' dir='ltr'>elamet:</span> 
     </span>
     <span class='ocr_line' id='line_1_22' title="bbox 138 1759 639 1817; baseline 0.004 -15"><span class='ocrx_word' id='word_1_134' title='bbox 138 1759 249 1816; x_wconf 80' lang='lat' dir='ltr'>Multaque</span> <span class='ocrx_word' id='word_1_135' title='bbox 258 1760 375 1809; x_wconf 82' lang='lat' dir='ltr'>submisse,</span> <span class='ocrx_word' id='word_1_136' title='bbox 385 1760 455 1803; x_wconf 88' lang='lat' dir='ltr'>multa</span> <span class='ocrx_word' id='word_1_137' title='bbox 465 1762 575 1803; x_wconf 83' lang='lat' dir='ltr'>minanter</span> <span class='ocrx_word' id='word_1_138' title='bbox 583 1771 639 1817; x_wconf 69' lang='lat' dir='ltr'>agat</span> 
     </span>
    </p>

    <p class='ocr_par' dir='ltr' id='par_1_4' title="bbox 108 1831 655 1878">
     <span class='ocr_line' id='line_1_23' title="bbox 108 1831 655 1878; baseline 0 -2"><span class='ocrx_word' id='word_1_139' title='bbox 108 1832 182 1876; x_wconf 84' lang='lat' dir='ltr'>Dulcia</span> <span class='ocrx_word' id='word_1_140' title='bbox 192 1847 236 1874; x_wconf 89' lang='lat' dir='ltr'>uon</span> <span class='ocrx_word' id='word_1_141' title='bbox 246 1831 337 1876; x_wconf 80' lang='lat' dir='ltr'>ferimus</span> <span class='ocrx_word' id='word_1_142' title='bbox 345 1851 350 1875; x_wconf 91' lang='lat'>:</span> <span class='ocrx_word' id='word_1_143' title='bbox 359 1847 424 1875; x_wconf 88' lang='lat' dir='ltr'>succo</span> <span class='ocrx_word' id='word_1_144' title='bbox 434 1846 563 1877; x_wconf 86' lang='lat' dir='ltr'>renovemur</span> <span class='ocrx_word' id='word_1_145' title='bbox 572 1848 655 1878; x_wconf 82' lang='lat' dir='ltr'>amaro.</span> 
     </span>
    </p>
   </div>
   <div class='ocr_carea' id='block_1_3' title="bbox 109 1906 616 2185">
    <p class='ocr_par' dir='ltr' id='par_1_5' title="bbox 109 1906 616 2185">
     <span class='ocr_line' id='line_1_24' title="bbox 137 1906 572 1964; baseline 0.007 -17"><span class='ocrx_word' id='word_1_146' title='bbox 137 1907 195 1961; x_wconf 76' lang='lat' dir='ltr'>Saepe</span> <span class='ocrx_word' id='word_1_147' title='bbox 204 1906 259 1961; x_wconf 85' lang='lat' dir='ltr'>perit</span> <span class='ocrx_word' id='word_1_148' title='bbox 269 1907 336 1949; x_wconf 86' lang='lat' dir='ltr'>ventis</span> <span class='ocrx_word' id='word_1_149' title='bbox 345 1909 425 1949; x_wconf 85' lang='lat' dir='ltr'>obruta</span> <span class='ocrx_word' id='word_1_150' title='bbox 434 1909 512 1964; x_wconf 70' lang='lat' dir='ltr'>cymba</span> <span class='ocrx_word' id='word_1_151' title='bbox 521 1907 572 1950; x_wconf 84' lang='lat' dir='ltr'>suis.</span> 
     </span>
     <span class='ocr_line' id='line_1_25' title="bbox 109 1980 608 2037; baseline 0.002 -13"><span class='ocrx_word' id='word_1_152' title='bbox 109 1980 153 2024; x_wconf 79' lang='lat' dir='ltr'>troc</span> <span class='ocrx_word' id='word_1_153' title='bbox 163 1990 204 2028; x_wconf 78' lang='lat' dir='ltr'>est,</span> <span class='ocrx_word' id='word_1_154' title='bbox 215 1994 291 2022; x_wconf 84' lang='lat' dir='ltr'>uxores</span> <span class='ocrx_word' id='word_1_155' title='bbox 300 1983 359 2036; x_wconf 87' lang='lat' dir='ltr'>quod</span> <span class='ocrx_word' id='word_1_156' title='bbox 368 1995 413 2024; x_wconf 92' lang='lat' dir='ltr'>non</span> <span class='ocrx_word' id='word_1_157' title='bbox 423 1982 518 2037; x_wconf 86' lang='lat' dir='ltr'>patiatur</span> <span class='ocrx_word' id='word_1_158' title='bbox 528 1983 608 2025; x_wconf 84' lang='lat' dir='ltr'>amari:</span> 
     </span>
     <span class='ocr_line' id='line_1_26' title="bbox 136 2047 582 2110; baseline 0.009 -15"><span class='ocrx_word' id='word_1_159' title='bbox 136 2054 273 2096; x_wconf 85' lang='lat' dir='ltr'>Conveniunt</span> <span class='ocrx_word' id='word_1_160' title='bbox 281 2054 337 2104; x_wconf 77' lang='lat' dir='ltr'>inas,</span> <span class='ocrx_word' id='word_1_161' title='bbox 349 2069 419 2110; x_wconf 89' lang='lat' dir='ltr'>quum</span> <span class='ocrx_word' id='word_1_162' title='bbox 429 2047 525 2107; x_wconf 81' lang='lat' dir='ltr'>voluere,</span> <span class='ocrx_word' id='word_1_163' title='bbox 535 2057 582 2099; x_wconf 87' lang='lat' dir='ltr'>viri.</span> 
     </span>
     <span class='ocr_line' id='line_1_27' title="bbox 109 2123 616 2185; baseline 0.008 -17"><span class='ocrx_word' id='word_1_164' title='bbox 109 2126 168 2168; x_wconf 82' lang='lat' dir='ltr'>obde</span> <span class='ocrx_word' id='word_1_165' title='bbox 178 2123 259 2176; x_wconf 65' lang='lat' dir='ltr'>forem</span> <span class='ocrx_word' id='word_1_166' title='bbox 269 2136 290 2169; x_wconf 91' lang='lat' dir='ltr'>et</span> <span class='ocrx_word' id='word_1_167' title='bbox 299 2127 355 2169; x_wconf 89' lang='lat' dir='ltr'>duro</span> <span class='ocrx_word' id='word_1_168' title='bbox 364 2127 422 2171; x_wconf 83' lang='lat' dir='ltr'>dicat</span> <span class='ocrx_word' id='word_1_169' title='bbox 431 2127 470 2171; x_wconf 89' lang='lat' dir='ltr'>tibi</span> <span class='ocrx_word' id='word_1_170' title='bbox 476 2128 561 2185; x_wconf 84' lang='lat' dir='ltr'>janitor</span> <span class='ocrx_word' id='word_1_171' title='bbox 569 2143 616 2182; x_wconf 89' lang='lat' dir='ltr'>ore,</span> 
     </span>
    </p>
   </div>
   <div class='ocr_carea' id='block_1_4' title="bbox 137 2200 680 2262">
    <p class='ocr_par' dir='ltr' id='par_1_6' title="bbox 137 2200 680 2262">
     <span class='ocr_line' id='line_1_28' title="bbox 137 2200 680 2262; baseline 0.007 -19"><span class='ocrx_word' id='word_1_172' title='bbox 137 2200 187 2243; x_wconf 82' lang='lat' dir='ltr'>Nou</span> <span class='ocrx_word' id='word_1_173' title='bbox 197 2210 264 2254; x_wconf 87' lang='lat' dir='ltr'>potes.</span> <span class='ocrx_word' id='word_1_174' title='bbox 274 2200 389 2246; x_wconf 69' lang='lat' dir='ltr'>uictusum</span> <span class='ocrx_word' id='word_1_175' title='bbox 401 2211 421 2245; x_wconf 89' lang='lat' dir='ltr'>te</span> <span class='ocrx_word' id='word_1_176' title='bbox 430 2216 518 2259; x_wconf 86' lang='lat' dir='ltr'>quoque</span> <span class='ocrx_word' id='word_1_177' title='bbox 528 2213 601 2262; x_wconf 65' lang='lat' dir='ltr'>tanget</span> <span class='ocrx_word' id='word_1_178' title='bbox 609 2218 680 2249; x_wconf 84' lang='lat' dir='ltr'>amor.</span> 
     </span>
    </p>
   </div>
   <div class='ocr_carea' id='block_1_5' title="bbox 0 0 830 2584">
    <p class='ocr_par' dir='ltr' id='par_1_7' title="bbox 0 0 830 2584">
     <span class='ocr_line' id='line_1_29' title="bbox 0 0 830 2584; baseline 0 1"><span class='ocrx_word' id='word_1_179' title='bbox 0 0 830 2584; x_wconf 95' lang='lat' dir='ltr'> </span> 
     </span>
    </p>
   </div>
  </div>
 </body>
</html>
