1650 2584
117 182 154 227 ¹9²
342 170 523 215 Fastonutt
666 178 750 231 ulto.

140 263 165 304 Et
174 262 216 303 Dea
225 273 264 316 per
272 259 331 303 lucos
341 261 397 304 mira
407 261 479 305 locuta
488 277 545 306 suos.

111 333 197 377 Italidas
206 343 297 383 matres,
306 332 388 389 inquit,
398 349 463 391 cuper
471 336 541 379 hirtus
548 337 610 380 inito.

140 406 256 461 Obstupuit
264 406 331 448 dubio
342 406 414 449 territa
424 409 489 450 turba
498 423 558 451 sone.

110 482 184 534 Augur
192 488 238 520 erat
246 494 251 518 :
260 491 340 520 nomen
349 478 418 535 longis
428 480 536 523 intercidit
545 483 613 524 annis.

139 555 214 609 Nuper
222 553 249 595 ab
258 555 345 595 Etrusca
355 564 442 596 venerat
451 556 510 597 exsul
520 555 597 599 humo.

109 627 146 670 llle
155 641 245 684 caprum
255 637 343 670 mactat.
351 629 362 669 J
365 641 417 671 ussae
426 643 466 670 sua
476 638 534 684 terga
543 631 626 674 marite

138 702 229 744 Pellibus
238 702 325 744 exsectis
333 703 473 758 percutienda
482 704 571 747 dabant.

109 776 169 817 Luna
178 775 300 817 resumebat
309 773 393 816 decimo
403 788 458 817 uota
467 789 549 817 cornua
559 786 632 827 motu,

136 848 218 903 Virque
227 857 287 904 pater
296 848 379 898 subito,
389 858 501 904 nuptaque
511 860 581 893 mater
589 859 641 894 erat.

106 922 179 965 Gratia
187 922 284 964 Lucinae:
294 922 352 964 dedit
362 922 406 964 hee
416 922 454 964 tibi
465 923 555 966 nomina
564 924 636 971 lucus:

135 1001 178 1037 Aut
186 995 237 1049 quia
246 994 378 1051 principium
387 1003 423 1046 tu,
433 997 485 1045 Dea.
496 996 550 1039 lucis
558 996 631 1040 babes.

106 1072 181 1119 Perre,
189 1082 271 1124 precor,
281 1054 382 1123 gravidis,
392 1068 460 1110 tacitis
470 1070 560 1120 Lucina,
569 1070 656 1125 puellis,

135 1144 288 1196 Maturumque
298 1150 360 1204 utero
369 1140 465 1183 molliter
473 1140 528 1184 effer
537 1155 599 1185 nnus.

105 1293 163 1333 (lari
175 1289 218 1331 dies
228 1288 304 1340 fuerin
316 1298 339 1331 tu
348 1288 421 1331 desine
430 1289 515 1332 eredere
524 1290 592 1332 ventis
601 1305 606 1329 :

132 1362 224 1405 Perdidit
233 1361 290 1404 illius
300 1362 402 1416 temporis
411 1376 465 1404 aura
474 1362 547 1404 fidem.

104 1435 201 1477 flamina
210 1448 255 1476 non
264 1443 375 1485 coustan13
385 1442 407 1477 et
415 1448 451 1476 sex
461 1446 553 1478 reserata
562 1434 638 1478 diebus

131 1509 225 1551 Carceris
234 1506 294 1549 nolti
300 1506 370 1562 janua
379 1506 426 1549 laxa
435 1516 500 1563 patet.

102 1658 147 1700 lara
156 1656 207 1699 levis
217 1654 305 1711 obliqua
314 1655 405 1698 subsidit
414 1656 520 1711 Aquarius
530 1670 593 1698 urus.

129 1730 241 1773 Proximus
250 1729 347 1771 aetherlos
356 1729 439 1784 excipe,
448 1729 522 1779 Piscis,
533 1742 606 1784 equos.

65 1842 69 1849 .
86 1802 89 1803 ⁷
101 1806 130 1848 Te
139 1814 261 1847 memorant
271 1802 403 1858 fratremque
414 1813 477 1844 tuum
487 1802 553 1858 (nam
559 1803 637 1859 juncta
646 1803 734 1849 micatis

130 1877 206 1933 Siqua)
215 1878 270 1920 dnos
279 1887 338 1933 tergo
347 1876 473 1920 sustinuisse
482 1878 542 1919 Deos.

100 1951 225 1996 Terribilem
234 1953 345 2008 quondam
354 1950 439 2007 lugiens
447 1951 551 2007 Typhone
559 1951 636 2001 Ilione,

128 2027 188 2068 Tune
197 2039 266 2081 quum
277 2038 315 2081 pro
325 2025 377 2068 eoelo
386 2023 470 2080 Jupiter
478 2038 540 2066 arma
549 2024 609 2076 tulit,

100 2098 165 2141 Venit
173 2098 201 2140 ad
209 2098 332 2154 Euphraten
341 2099 445 2141 comitata
453 2098 558 2154 Cupidine
566 2112 644 2155 parvo,

128 2172 196 2226 Inque
204 2169 317 2215 rumeins
326 2172 424 2228 margine
433 2171 488 2215 sedit
495 2184 563 2228 aque.
