<?xml version="1.0" encoding="UTF-8"?>
<!DOCTYPE html PUBLIC "-//W3C//DTD XHTML 1.0 Transitional//EN"
    "http://www.w3.org/TR/xhtml1/DTD/xhtml1-transitional.dtd">
<html xmlns="http://www.w3.org/1999/xhtml" xml:lang="en" lang="en">
 <head>
  <title>
</title>
<meta http-equiv="Content-Type" content="text/html;charset=utf-8" />
  <meta name='ocr-system' content='tesseract 3.04.00' />
  <meta name='ocr-capabilities' content='ocr_page ocr_carea ocr_par ocr_line ocrx_word'/>
</head>
<body>
  <div class='ocr_page' id='page_1' title='image "./opera01accugoog_0361.png"; bbox 0 0 1650 2584; ppageno 0'>
   <div class='ocr_carea' id='block_1_1' title="bbox 57 180 696 233">
    <p class='ocr_par' dir='ltr' id='par_1_1' title="bbox 57 180 696 233">
     <span class='ocr_line' id='line_1_1' title="bbox 57 180 696 233; baseline -0.005 -11"><span class='ocrx_word' id='word_1_1' title='bbox 57 182 142 233; x_wconf 77' lang='lat' dir='ltr'>v.o71.</span> <span class='ocrx_word' id='word_1_2' title='bbox 298 183 397 223; x_wconf 79' lang='lat' dir='ltr'>trena</span> <span class='ocrx_word' id='word_1_3' title='bbox 415 183 458 223; x_wconf 82' lang='lat' dir='ltr'>vt.</span> <span class='ocrx_word' id='word_1_4' title='bbox 656 180 696 231; x_wconf 73' lang='lat'>347</span> 
     </span>
    </p>
   </div>
   <div class='ocr_carea' id='block_1_2' title="bbox 54 272 685 1871">
    <p class='ocr_par' dir='ltr' id='par_1_2' title="bbox 57 272 621 400">
     <span class='ocr_line' id='line_1_2' title="bbox 57 272 621 328; baseline -0.009 -12"><span class='ocrx_word' id='word_1_5' title='bbox 57 276 117 316; x_wconf 82' lang='lat' dir='ltr'>Rure</span> <span class='ocrx_word' id='word_1_6' title='bbox 126 272 191 328; x_wconf 85' lang='lat' dir='ltr'>dapes</span> <span class='ocrx_word' id='word_1_7' title='bbox 199 283 262 328; x_wconf 90' lang='lat' dir='ltr'>parat</span> <span class='ocrx_word' id='word_1_8' title='bbox 271 272 306 314; x_wconf 85' lang='lat' dir='ltr'>ilie</span> <span class='ocrx_word' id='word_1_9' title='bbox 315 286 367 320; x_wconf 84' lang='lat' dir='ltr'>suo,</span> <span class='ocrx_word' id='word_1_10' title='bbox 377 273 508 326; x_wconf 82' lang='lat' dir='ltr'>turbamque</span> <span class='ocrx_word' id='word_1_11' title='bbox 517 284 621 312; x_wconf 85' lang='lat' dir='ltr'>canoram</span> 
     </span>
     <span class='ocr_line' id='line_1_3' title="bbox 88 344 555 400; baseline -0.011 -10"><span class='ocrx_word' id='word_1_12' title='bbox 88 349 207 390; x_wconf 83' lang='lat' dir='ltr'>Convocat:</span> <span class='ocrx_word' id='word_1_13' title='bbox 218 348 245 388; x_wconf 88' lang='lat' dir='ltr'>ad</span> <span class='ocrx_word' id='word_1_14' title='bbox 256 346 319 388; x_wconf 79' lang='lat' dir='ltr'>festas</span> <span class='ocrx_word' id='word_1_15' title='bbox 329 345 429 387; x_wconf 82' lang='lat' dir='ltr'>convenit</span> <span class='ocrx_word' id='word_1_16' title='bbox 438 344 474 386; x_wconf 83' lang='lat' dir='ltr'>illa</span> <span class='ocrx_word' id='word_1_17' title='bbox 484 345 555 400; x_wconf 87' lang='lat' dir='ltr'>dapes.</span> 
     </span>
    </p>

    <p class='ocr_par' dir='ltr' id='par_1_3' title="bbox 55 417 625 550">
     <span class='ocr_line' id='line_1_4' title="bbox 55 417 625 474; baseline -0.014 -10"><span class='ocrx_word' id='word_1_18' title='bbox 55 423 108 464; x_wconf 76' lang='lat' dir='ltr'>Nox</span> <span class='ocrx_word' id='word_1_19' title='bbox 117 429 173 468; x_wconf 81' lang='lat' dir='ltr'>erat3</span> <span class='ocrx_word' id='word_1_20' title='bbox 183 429 205 462; x_wconf 88' lang='lat' dir='ltr'>et</span> <span class='ocrx_word' id='word_1_21' title='bbox 214 419 268 461; x_wconf 81' lang='lat' dir='ltr'>vinis</span> <span class='ocrx_word' id='word_1_22' title='bbox 277 418 377 473; x_wconf 77' lang='lat' dir='ltr'>oculique</span> <span class='ocrx_word' id='word_1_23' title='bbox 386 417 498 474; x_wconf 80' lang='lat' dir='ltr'>animique</span> <span class='ocrx_word' id='word_1_24' title='bbox 507 417 625 459; x_wconf 85' lang='lat' dir='ltr'>natabant:</span> 
     </span>
     <span class='ocr_line' id='line_1_5' title="bbox 87 490 558 550; baseline -0.004 -17"><span class='ocrx_word' id='word_1_25' title='bbox 87 495 161 550; x_wconf 84' lang='lat' dir='ltr'>Quum</span> <span class='ocrx_word' id='word_1_26' title='bbox 172 492 336 548; x_wconf 68' lang='lat' dir='ltr'>prucomposito</span> <span class='ocrx_word' id='word_1_27' title='bbox 347 491 437 532; x_wconf 86' lang='lat' dir='ltr'>nuntius</span> <span class='ocrx_word' id='word_1_28' title='bbox 447 504 483 531; x_wconf 90' lang='lat' dir='ltr'>ore</span> <span class='ocrx_word' id='word_1_29' title='bbox 494 490 558 532; x_wconf 87' lang='lat' dir='ltr'>venit.</span> 
     </span>
    </p>

    <p class='ocr_par' dir='ltr' id='par_1_4' title="bbox 57 560 625 694">
     <span class='ocr_line' id='line_1_6' title="bbox 57 560 625 621; baseline -0.014 -12"><span class='ocrx_word' id='word_1_30' title='bbox 57 569 130 621; x_wconf 78' lang='lat' dir='ltr'>Atque</span> <span class='ocrx_word' id='word_1_31' title='bbox 139 566 180 615; x_wconf 80' lang='lat' dir='ltr'>ita,</span> <span class='ocrx_word' id='word_1_32' title='bbox 190 583 202 603; x_wconf 73' lang='grc' dir='ltr'><strong>α</strong></span> <span class='ocrx_word' id='word_1_33' title='bbox 209 565 265 620; x_wconf 81' lang='lat' dir='ltr'>Quid</span> <span class='ocrx_word' id='word_1_34' title='bbox 275 578 344 607; x_wconf 78' lang='lat' dir='ltr'>cessas</span> <span class='ocrx_word' id='word_1_35' title='bbox 353 563 450 610; x_wconf 81' lang='lat' dir='ltr'>convivia</span> <span class='ocrx_word' id='word_1_36' title='bbox 459 562 551 605; x_wconf 78' lang='lat' dir='ltr'>solveret</span> <span class='ocrx_word' id='word_1_37' title='bbox 560 560 625 604; x_wconf 81' lang='lat' dir='ltr'>dixit:</span> 
     </span>
     <span class='ocr_line' id='line_1_7' title="bbox 91 636 561 694; baseline -0.009 -14"><span class='ocrx_word' id='word_1_38' title='bbox 91 640 171 680; x_wconf 78' lang='lat' dir='ltr'>Auctor</span> <span class='ocrx_word' id='word_1_39' title='bbox 181 638 279 680; x_wconf 73' lang='lat' dir='ltr'>vindicte</span> <span class='ocrx_word' id='word_1_40' title='bbox 286 637 333 694; x_wconf 89' lang='lat' dir='ltr'>jam</span> <span class='ocrx_word' id='word_1_41' title='bbox 344 636 413 681; x_wconf 74' lang='lat' dir='ltr'>venit,</span> <span class='ocrx_word' id='word_1_42' title='bbox 423 650 483 685; x_wconf 80' lang='lat' dir='ltr'>ecce,</span> <span class='ocrx_word' id='word_1_43' title='bbox 494 645 542 678; x_wconf 77' lang='lat' dir='ltr'>tuae.</span> <span class='ocrx_word' id='word_1_44' title='bbox 550 651 561 672; x_wconf 82' lang='lat'>»</span> 
     </span>
    </p>

    <p class='ocr_par' dir='ltr' id='par_1_5' title="bbox 57 708 685 839">
     <span class='ocr_line' id='line_1_8' title="bbox 57 708 560 762; baseline -0.012 -7"><span class='ocrx_word' id='word_1_45' title='bbox 57 714 105 755; x_wconf 87' lang='lat' dir='ltr'>Nec</span> <span class='ocrx_word' id='word_1_46' title='bbox 116 725 188 762; x_wconf 84' lang='lat' dir='ltr'>mora;</span> <span class='ocrx_word' id='word_1_47' title='bbox 200 712 294 754; x_wconf 75' lang='lat' dir='ltr'>convivae</span> <span class='ocrx_word' id='word_1_48' title='bbox 305 710 374 752; x_wconf 80' lang='lat' dir='ltr'>valido</span> <span class='ocrx_word' id='word_1_49' title='bbox 385 709 500 751; x_wconf 82' lang='lat' dir='ltr'>titubantia</span> <span class='ocrx_word' id='word_1_50' title='bbox 511 708 560 749; x_wconf 87' lang='lat' dir='ltr'>vino</span> 
     </span>
     <span class='ocr_line' id='line_1_9' title="bbox 87 779 685 839; baseline -0.013 -11"><span class='ocrx_word' id='word_1_51' title='bbox 87 787 185 828; x_wconf 82' lang='lat' dir='ltr'>Membra</span> <span class='ocrx_word' id='word_1_52' title='bbox 196 796 295 829; x_wconf 83' lang='lat' dir='ltr'>movent:</span> <span class='ocrx_word' id='word_1_53' title='bbox 307 785 368 828; x_wconf 88' lang='lat' dir='ltr'>dubii</span> <span class='ocrx_word' id='word_1_54' title='bbox 377 794 479 839; x_wconf 89' lang='lat' dir='ltr'>stantque</span> <span class='ocrx_word' id='word_1_55' title='bbox 488 783 605 838; x_wconf 86' lang='lat' dir='ltr'>labantque</span> <span class='ocrx_word' id='word_1_56' title='bbox 614 779 685 835; x_wconf 84' lang='lat' dir='ltr'>pedes.</span> 
     </span>
    </p>

    <p class='ocr_par' dir='ltr' id='par_1_6' title="bbox 56 859 650 992">
     <span class='ocr_line' id='line_1_10' title="bbox 56 859 650 913; baseline -0.017 -8"><span class='ocrx_word' id='word_1_57' title='bbox 56 863 86 905; x_wconf 75' lang='lat' dir='ltr'>At</span> <span class='ocrx_word' id='word_1_58' title='bbox 96 860 209 909; x_wconf 83' lang='lat' dir='ltr'>dominus,</span> <span class='ocrx_word' id='word_1_59' title='bbox 220 861 334 911; x_wconf 70' lang='lat' dir='ltr'>Diseedhe,</span> <span class='ocrx_word' id='word_1_60' title='bbox 344 860 381 902; x_wconf 86' lang='lat' dir='ltr'>ait.</span> <span class='ocrx_word' id='word_1_61' title='bbox 392 859 532 913; x_wconf 83' lang='lat' dir='ltr'>Plaustroque</span> <span class='ocrx_word' id='word_1_62' title='bbox 541 864 650 898; x_wconf 78' lang='lat' dir='ltr'>morantes</span> 
     </span>
     <span class='ocr_line' id='line_1_11' title="bbox 90 932 525 992; baseline -0.007 -16"><span class='ocrx_word' id='word_1_63' title='bbox 90 935 194 978; x_wconf 80' lang='lat' dir='ltr'>Sustulit:</span> <span class='ocrx_word' id='word_1_64' title='bbox 205 936 226 977; x_wconf 90' lang='lat' dir='ltr'>in</span> <span class='ocrx_word' id='word_1_65' title='bbox 237 935 334 992; x_wconf 88' lang='lat' dir='ltr'>plaustro</span> <span class='ocrx_word' id='word_1_66' title='bbox 344 935 414 990; x_wconf 81' lang='lat' dir='ltr'>sirpea</span> <span class='ocrx_word' id='word_1_67' title='bbox 423 933 467 975; x_wconf 86' lang='lat' dir='ltr'>lata</span> <span class='ocrx_word' id='word_1_68' title='bbox 476 932 525 975; x_wconf 79' lang='lat' dir='ltr'>tuit.</span> 
     </span>
    </p>

    <p class='ocr_par' dir='ltr' id='par_1_7' title="bbox 56 1000 658 1137">
     <span class='ocr_line' id='line_1_12' title="bbox 56 1000 658 1065; baseline -0.015 -13"><span class='ocrx_word' id='word_1_69' title='bbox 56 1000 168 1052; x_wconf 79' lang='lat' dir='ltr'>Adliciunt</span> <span class='ocrx_word' id='word_1_70' title='bbox 176 1023 264 1051; x_wconf 82' lang='lat' dir='ltr'>somnos</span> <span class='ocrx_word' id='word_1_71' title='bbox 275 1019 371 1065; x_wconf 81' lang='lat' dir='ltr'>tempus,</span> <span class='ocrx_word' id='word_1_72' title='bbox 381 1016 508 1062; x_wconf 75' lang='lat' dir='ltr'>motusque,</span> <span class='ocrx_word' id='word_1_73' title='bbox 519 1015 658 1058; x_wconf 88' lang='lat' dir='ltr'>merumque;</span> 
     </span>
     <span class='ocr_line' id='line_1_13' title="bbox 89 1082 529 1137; baseline -0.005 -13"><span class='ocrx_word' id='word_1_74' title='bbox 89 1085 182 1137; x_wconf 86' lang='lat' dir='ltr'>Potaque</span> <span class='ocrx_word' id='word_1_75' title='bbox 192 1097 214 1126; x_wconf 86' lang='lat' dir='ltr'>se</span> <span class='ocrx_word' id='word_1_76' title='bbox 223 1083 291 1125; x_wconf 86' lang='lat' dir='ltr'>Tibur</span> <span class='ocrx_word' id='word_1_77' title='bbox 299 1083 364 1125; x_wconf 88' lang='lat' dir='ltr'>turba</span> <span class='ocrx_word' id='word_1_78' title='bbox 373 1082 442 1124; x_wconf 86' lang='lat' dir='ltr'>redire</span> <span class='ocrx_word' id='word_1_79' title='bbox 452 1089 529 1137; x_wconf 52' lang='lat' dir='ltr'>putat„</span> 
     </span>
    </p>

    <p class='ocr_par' dir='ltr' id='par_1_8' title="bbox 56 1152 666 1286">
     <span class='ocr_line' id='line_1_14' title="bbox 56 1152 666 1212; baseline -0.015 -12"><span class='ocrx_word' id='word_1_80' title='bbox 56 1159 151 1211; x_wconf 80' lang='lat' dir='ltr'>Jamque</span> <span class='ocrx_word' id='word_1_81' title='bbox 160 1170 199 1211; x_wconf 90' lang='lat' dir='ltr'>per</span> <span class='ocrx_word' id='word_1_82' title='bbox 208 1156 311 1212; x_wconf 76' lang='lat' dir='ltr'>Esquilias</span> <span class='ocrx_word' id='word_1_83' title='bbox 320 1159 441 1197; x_wconf 73' lang='lat' dir='ltr'>Romanam</span> <span class='ocrx_word' id='word_1_84' title='bbox 451 1154 568 1197; x_wconf 81' lang='lat' dir='ltr'>intraverat</span> <span class='ocrx_word' id='word_1_85' title='bbox 578 1152 666 1199; x_wconf 83' lang='lat' dir='ltr'>urbem;</span> 
     </span>
     <span class='ocr_line' id='line_1_15' title="bbox 88 1229 547 1286; baseline -0.009 -13"><span class='ocrx_word' id='word_1_86' title='bbox 88 1231 113 1273; x_wconf 79' lang='lat' dir='ltr'>Et</span> <span class='ocrx_word' id='word_1_87' title='bbox 124 1244 187 1272; x_wconf 87' lang='lat' dir='ltr'>mane</span> <span class='ocrx_word' id='word_1_88' title='bbox 197 1230 219 1271; x_wconf 86' lang='lat' dir='ltr'>in</span> <span class='ocrx_word' id='word_1_89' title='bbox 230 1230 301 1273; x_wconf 88' lang='lat' dir='ltr'>medio</span> <span class='ocrx_word' id='word_1_90' title='bbox 311 1230 406 1286; x_wconf 87' lang='lat' dir='ltr'>plaustra</span> <span class='ocrx_word' id='word_1_91' title='bbox 417 1229 477 1272; x_wconf 81' lang='lat' dir='ltr'>fuere</span> <span class='ocrx_word' id='word_1_92' title='bbox 486 1231 547 1271; x_wconf 87' lang='lat' dir='ltr'>Foro.</span> 
     </span>
    </p>

    <p class='ocr_par' dir='ltr' id='par_1_9' title="bbox 55 1305 630 1431">
     <span class='ocr_line' id='line_1_16' title="bbox 55 1305 630 1361; baseline -0.012 -12"><span class='ocrx_word' id='word_1_93' title='bbox 55 1305 165 1353; x_wconf 80' lang='lat' dir='ltr'>Plautius,</span> <span class='ocrx_word' id='word_1_94' title='bbox 176 1315 201 1347; x_wconf 91' lang='lat' dir='ltr'>ut</span> <span class='ocrx_word' id='word_1_95' title='bbox 209 1317 296 1360; x_wconf 82' lang='lat' dir='ltr'>possent</span> <span class='ocrx_word' id='word_1_96' title='bbox 304 1306 374 1361; x_wconf 83' lang='lat' dir='ltr'>speeie</span> <span class='ocrx_word' id='word_1_97' title='bbox 383 1318 518 1359; x_wconf 85' lang='lat' dir='ltr'>numeroque</span> <span class='ocrx_word' id='word_1_98' title='bbox 527 1305 630 1345; x_wconf 87' lang='lat' dir='ltr'>Senatum</span> 
     </span>
     <span class='ocr_line' id='line_1_17' title="bbox 87 1375 492 1431; baseline -0.002 -13"><span class='ocrx_word' id='word_1_99' title='bbox 87 1375 178 1424; x_wconf 70' lang='lat' dir='ltr'>Fallere,</span> <span class='ocrx_word' id='word_1_100' title='bbox 189 1376 284 1431; x_wconf 88' lang='lat' dir='ltr'>personis</span> <span class='ocrx_word' id='word_1_101' title='bbox 294 1377 387 1431; x_wconf 85' lang='lat' dir='ltr'>imperat</span> <span class='ocrx_word' id='word_1_102' title='bbox 396 1390 434 1417; x_wconf 89' lang='lat' dir='ltr'>ora</span> <span class='ocrx_word' id='word_1_103' title='bbox 445 1375 492 1431; x_wconf 76' lang='lat' dir='ltr'>tegi.</span> 
     </span>
    </p>

    <p class='ocr_par' dir='ltr' id='par_1_10' title="bbox 56 1448 617 1576">
     <span class='ocr_line' id='line_1_18' title="bbox 56 1448 617 1504; baseline -0.007 -13"><span class='ocrx_word' id='word_1_104' title='bbox 56 1450 209 1504; x_wconf 68' lang='lat' dir='ltr'>admiscetque</span> <span class='ocrx_word' id='word_1_105' title='bbox 219 1449 285 1491; x_wconf 86' lang='lat' dir='ltr'>alios:</span> <span class='ocrx_word' id='word_1_106' title='bbox 295 1461 327 1497; x_wconf 81' lang='lat' dir='ltr'>et,</span> <span class='ocrx_word' id='word_1_107' title='bbox 338 1459 363 1490; x_wconf 94' lang='lat' dir='ltr'>ut</span> <span class='ocrx_word' id='word_1_108' title='bbox 372 1449 430 1490; x_wconf 85' lang='lat' dir='ltr'>bunc</span> <span class='ocrx_word' id='word_1_109' title='bbox 441 1448 529 1490; x_wconf 88' lang='lat' dir='ltr'>tibicina</span> <span class='ocrx_word' id='word_1_110' title='bbox 538 1456 617 1489; x_wconf 78' lang='lat' dir='ltr'>cretum</span> 
     </span>
     <span class='ocr_line' id='line_1_19' title="bbox 88 1518 512 1576; baseline -0.007 -13"><span class='ocrx_word' id='word_1_111' title='bbox 88 1524 181 1575; x_wconf 74' lang='lat' dir='ltr'>Augeat,</span> <span class='ocrx_word' id='word_1_112' title='bbox 191 1521 213 1561; x_wconf 90' lang='lat' dir='ltr'>iu</span> <span class='ocrx_word' id='word_1_113' title='bbox 224 1520 292 1576; x_wconf 77' lang='lat' dir='ltr'>iongis</span> <span class='ocrx_word' id='word_1_114' title='bbox 303 1520 395 1562; x_wconf 84' lang='lat' dir='ltr'>vestibus</span> <span class='ocrx_word' id='word_1_115' title='bbox 404 1520 435 1561; x_wconf 90' lang='lat' dir='ltr'>ire</span> <span class='ocrx_word' id='word_1_116' title='bbox 441 1518 512 1575; x_wconf 85' lang='lat' dir='ltr'>jubet.</span> 
     </span>
    </p>

    <p class='ocr_par' dir='ltr' id='par_1_11' title="bbox 56 1591 606 1722">
     <span class='ocr_line' id='line_1_20' title="bbox 56 1591 606 1648; baseline -0.011 -11"><span class='ocrx_word' id='word_1_117' title='bbox 56 1594 91 1638; x_wconf 85' lang='lat' dir='ltr'>sic</span> <span class='ocrx_word' id='word_1_118' title='bbox 102 1594 191 1634; x_wconf 83' lang='lat' dir='ltr'>reduces</span> <span class='ocrx_word' id='word_1_119' title='bbox 201 1593 255 1634; x_wconf 87' lang='lat' dir='ltr'>bene</span> <span class='ocrx_word' id='word_1_120' title='bbox 265 1606 325 1648; x_wconf 81' lang='lat' dir='ltr'>posse</span> <span class='ocrx_word' id='word_1_121' title='bbox 335 1592 391 1647; x_wconf 68' lang='lat' dir='ltr'>tegi5</span> <span class='ocrx_word' id='word_1_122' title='bbox 402 1607 429 1634; x_wconf 91' lang='lat' dir='ltr'>ne</span> <span class='ocrx_word' id='word_1_123' title='bbox 439 1591 494 1635; x_wconf 77' lang='lat' dir='ltr'>forte</span> <span class='ocrx_word' id='word_1_124' title='bbox 503 1599 606 1634; x_wconf 88' lang='lat' dir='ltr'>notentur</span> 
     </span>
     <span class='ocr_line' id='line_1_21' title="bbox 85 1665 467 1722; baseline -0.005 -13"><span class='ocrx_word' id='word_1_125' title='bbox 85 1669 166 1710; x_wconf 85' lang='lat' dir='ltr'>Contra</span> <span class='ocrx_word' id='word_1_126' title='bbox 175 1666 260 1722; x_wconf 68' lang='lat' dir='ltr'>collegae</span> <span class='ocrx_word' id='word_1_127' title='bbox 267 1665 329 1722; x_wconf 84' lang='lat' dir='ltr'>jussa</span> <span class='ocrx_word' id='word_1_128' title='bbox 340 1666 418 1708; x_wconf 84' lang='lat' dir='ltr'>redisse</span> <span class='ocrx_word' id='word_1_129' title='bbox 427 1665 467 1707; x_wconf 85' lang='lat' dir='ltr'>sui.</span> 
     </span>
    </p>

    <p class='ocr_par' dir='ltr' id='par_1_12' title="bbox 54 1738 592 1871">
     <span class='ocr_line' id='line_1_22' title="bbox 54 1738 578 1798; baseline -0.011 -11"><span class='ocrx_word' id='word_1_130' title='bbox 54 1747 95 1788; x_wconf 80' lang='lat' dir='ltr'>Res</span> <span class='ocrx_word' id='word_1_131' title='bbox 106 1740 200 1798; x_wconf 73' lang='lat' dir='ltr'>placuite</span> <span class='ocrx_word' id='word_1_132' title='bbox 211 1740 315 1796; x_wconf 80' lang='lat' dir='ltr'>cultuque</span> <span class='ocrx_word' id='word_1_133' title='bbox 326 1754 381 1781; x_wconf 86' lang='lat' dir='ltr'>novo</span> <span class='ocrx_word' id='word_1_134' title='bbox 391 1738 444 1782; x_wconf 88' lang='lat' dir='ltr'>libet</span> <span class='ocrx_word' id='word_1_135' title='bbox 453 1739 526 1781; x_wconf 83' lang='lat' dir='ltr'>idibus</span> <span class='ocrx_word' id='word_1_136' title='bbox 535 1739 578 1790; x_wconf 86' lang='lat' dir='ltr'>uti;</span> 
     </span>
     <span class='ocr_line' id='line_1_23' title="bbox 85 1813 592 1871; baseline -0.01 -11"><span class='ocrx_word' id='word_1_137' title='bbox 85 1821 110 1862; x_wconf 85' lang='lat' dir='ltr'>Et</span> <span class='ocrx_word' id='word_1_138' title='bbox 120 1830 196 1859; x_wconf 79' lang='lat' dir='ltr'>canere</span> <span class='ocrx_word' id='word_1_139' title='bbox 206 1817 233 1858; x_wconf 85' lang='lat' dir='ltr'>ad</span> <span class='ocrx_word' id='word_1_140' title='bbox 244 1826 323 1858; x_wconf 84' lang='lat' dir='ltr'>veteres</span> <span class='ocrx_word' id='word_1_141' title='bbox 334 1816 397 1857; x_wconf 86' lang='lat' dir='ltr'>verba</span> <span class='ocrx_word' id='word_1_142' title='bbox 403 1813 480 1871; x_wconf 85' lang='lat' dir='ltr'>jocosa</span> <span class='ocrx_word' id='word_1_143' title='bbox 489 1814 571 1857; x_wconf 86' lang='lat' dir='ltr'>modos.</span> <span class='ocrx_word' id='word_1_144' title='bbox 581 1830 592 1852; x_wconf 93' lang='lat'>»</span> 
     </span>
    </p>
   </div>
   <div class='ocr_carea' id='block_1_3' title="bbox 53 1961 621 2168">
    <p class='ocr_par' dir='ltr' id='par_1_13' title="bbox 53 1961 621 2168">
     <span class='ocr_line' id='line_1_24' title="bbox 53 1961 621 2021; baseline -0.016 -10"><span class='ocrx_word' id='word_1_145' title='bbox 53 1969 103 2011; x_wconf 69' lang='lat' dir='ltr'>ttae</span> <span class='ocrx_word' id='word_1_146' title='bbox 114 1965 151 2007; x_wconf 89' lang='lat' dir='ltr'>ubi</span> <span class='ocrx_word' id='word_1_147' title='bbox 161 1964 392 2021; x_wconf 80' lang='lat' dir='ltr'>perdocuit.Superest</span> <span class='ocrx_word' id='word_1_148' title='bbox 402 1961 455 2003; x_wconf 88' lang='lat' dir='ltr'>mihi</span> <span class='ocrx_word' id='word_1_149' title='bbox 465 1961 556 2013; x_wconf 83' lang='lat' dir='ltr'>discere,</span> <span class='ocrx_word' id='word_1_150' title='bbox 567 1961 621 2011; x_wconf 81' lang='lat' dir='ltr'>dixi,</span> 
     </span>
     <span class='ocr_line' id='line_1_25' title="bbox 82 2033 512 2095; baseline -0.012 -15"><span class='ocrx_word' id='word_1_151' title='bbox 82 2040 128 2081; x_wconf 86' lang='lat' dir='ltr'>Cur</span> <span class='ocrx_word' id='word_1_152' title='bbox 136 2038 163 2079; x_wconf 84' lang='lat' dir='ltr'>sit</span> <span class='ocrx_word' id='word_1_153' title='bbox 172 2037 320 2095; x_wconf 76' lang='lat' dir='ltr'>Quinquatrus</span> <span class='ocrx_word' id='word_1_154' title='bbox 330 2035 364 2077; x_wconf 86' lang='lat' dir='ltr'>iila</span> <span class='ocrx_word' id='word_1_155' title='bbox 376 2045 452 2077; x_wconf 76' lang='lat' dir='ltr'>vocata</span> <span class='ocrx_word' id='word_1_156' title='bbox 461 2033 512 2076; x_wconf 86' lang='lat' dir='ltr'>dies.</span> 
     </span>
     <span class='ocr_line' id='line_1_26' title="bbox 54 2106 602 2168; baseline -0.011 -14"><span class='ocrx_word' id='word_1_157' title='bbox 54 2112 175 2163; x_wconf 72' lang='lat' dir='ltr'>«Munitis,</span> <span class='ocrx_word' id='word_1_158' title='bbox 185 2109 267 2168; x_wconf 77' lang='lat' dir='ltr'>inquit,</span> <span class='ocrx_word' id='word_1_159' title='bbox 276 2109 320 2167; x_wconf 69' lang='lat' dir='ltr'>agit</span> <span class='ocrx_word' id='word_1_160' title='bbox 329 2109 366 2153; x_wconf 82' lang='lat' dir='ltr'>tali</span> <span class='ocrx_word' id='word_1_161' title='bbox 376 2123 426 2152; x_wconf 90' lang='lat' dir='ltr'>mea</span> <span class='ocrx_word' id='word_1_162' title='bbox 435 2108 525 2152; x_wconf 86' lang='lat' dir='ltr'>nomine</span> <span class='ocrx_word' id='word_1_163' title='bbox 534 2106 602 2150; x_wconf 79' lang='lat' dir='ltr'>festa:</span> 
     </span>
    </p>
   </div>
   <div class='ocr_carea' id='block_1_4' title="bbox 0 0 830 2584">
    <p class='ocr_par' dir='ltr' id='par_1_14' title="bbox 0 0 830 2584">
     <span class='ocr_line' id='line_1_27' title="bbox 0 0 830 2584; baseline 0 1"><span class='ocrx_word' id='word_1_164' title='bbox 0 0 830 2584; x_wconf 95' lang='lat' dir='ltr'> </span> 
     </span>
    </p>
   </div>
  </div>
 </body>
</html>
