1650 2584
128 181 155 229 γε
296 176 394 220 turis
412 176 597 220 introitu
687 181 774 223 ma.

155 268 274 322 Tempore:
284 279 323 307 nee
332 264 402 321 lapsas
411 278 467 321 saepe
478 264 559 308 resolve
568 280 650 310 eomas.

126 344 182 385 Tuta
191 341 218 383 sit
227 341 323 384 ornatrix
333 357 338 382 :
349 340 395 391 odi,
405 354 453 396 quae
462 340 545 383 sauciat
555 355 593 384 ora

156 414 280 471 Unguibus,
290 424 311 457 et
320 424 382 470 rapta
390 413 479 456 brachia
488 414 535 470 figit
544 429 592 457 aeu.

127 489 229 537 Devovet,
239 496 260 529 et
269 486 362 529 dominat
372 487 441 542 tangit
450 498 516 543 capnt
524 486 573 529 illu:
583 487 696 544 simulque

155 561 226 603 Plorat
234 562 261 602 ad
271 560 349 602 invisas
358 559 522 616 sanguinolenta
532 575 614 604 comas.

127 634 179 690 Quoe
189 633 245 675 male
254 633 331 676 crinita
340 642 382 684 est,
393 634 506 675 custodem
517 634 539 676 in
549 634 624 677 limine
633 645 715 692 ponat;

156 710 273 750 Orneturve
283 708 345 750 Bona
353 720 439 762 semper
448 706 469 748 in
480 707 524 749 ade
534 709 586 750 θα.

127 781 199 824 Dictus
209 794 268 823 eram
278 780 365 822 cuidam
375 779 448 822 subito
458 779 539 823 venisse
548 779 636 837 puellae5

155 854 250 897 Turbida
259 866 367 910 perversas
377 852 449 894 induit
458 852 493 894 illa
503 867 583 896 eomes.

126 929 226 971 Hostibus
236 927 320 971 eveniat
330 938 374 971 tam
385 926 435 969 loedi
445 941 510 970 causa
520 927 619 984 pudoris;

155 1005 222 1058 lnqne
231 990 300 1043 nurus
309 1002 396 1044 Parthas
405 1001 498 1044 dedecus
506 1001 561 1045 illud
570 1012 612 1045 eat.

125 1079 196 1131 Turpe
206 1090 271 1131 pecus
281 1074 398 1117 mutilum:
409 1084 471 1131 turpe
481 1076 567 1119 estsine
577 1077 676 1132 gramine
686 1092 789 1136 campus,

154 1152 180 1192 Et
188 1149 233 1190 siue
243 1148 320 1190 fronde
330 1147 411 1198 frutex,
422 1157 443 1190 et
452 1148 497 1190 sine
506 1149 565 1192 crine
574 1161 647 1205 eaput.

125 1227 175 1268 Non
186 1223 239 1265 milri
249 1222 345 1274 venistis,
355 1222 447 1273 Semele,
457 1226 548 1275 Ledeve,
558 1226 672 1278 doeendae3

153 1299 233 1352 Perque
243 1295 324 1338 fretum
335 1295 400 1346 falso,
410 1295 495 1348 Sidoni,
504 1293 564 1339 vecta
574 1298 641 1340 bove:

125 1374 167 1414 but
176 1369 265 1421 Helene,
274 1383 341 1424 quam
351 1383 396 1411 non
405 1368 482 1420 stulte,
493 1370 597 1421 Menelae,
605 1373 712 1427 reposeis3

153 1446 187 1486 Tu
196 1455 282 1498 quoque
291 1455 335 1485 uon
345 1440 421 1493 stulte,
431 1440 495 1484 Troie
505 1453 584 1498 raptor,
594 1443 668 1486 babes.

125 1519 197 1564 Turba
207 1518 303 1560 docenda
312 1516 381 1568 venit,
391 1516 487 1573 pulchrae
498 1526 613 1574 turpesque
623 1518 712 1575 puellam

153 1592 259 1647 Pluraque
268 1600 319 1634 sunt
328 1604 414 1647 semper
423 1590 528 1633 deteriora
538 1591 607 1634 bonis.

124 1669 232 1709 Formosae
243 1664 316 1706 minus
326 1664 377 1706 artis
387 1678 451 1720 opem
462 1674 609 1721 praeoeptaque
619 1676 712 1711 curant:

154 1741 190 1782 Est
198 1738 239 1780 illis
248 1751 288 1780 sue
296 1738 346 1788 dos,
356 1736 428 1779 formu
437 1737 483 1780 sine
492 1747 537 1780 arte
547 1748 631 1794 potens.

126 1818 200 1872 Quum
210 1827 269 1855 mare
279 1812 425 1868 compositum
435 1823 478 1862 est,
488 1827 576 1856 securus
585 1815 659 1858 navita
668 1826 753 1860 cessat:

153 1890 228 1943 Quum
239 1896 319 1935 tumet,
329 1884 413 1927 auxiliis
423 1885 501 1928 assidet
509 1885 544 1927 ille
553 1886 605 1928 suis.

123 1964 178 2004 Rara
188 1969 261 2001 tamen
272 1958 350 2000 mendo
361 1957 426 1999 facies
435 1968 506 2001 earet:
516 1958 591 2002 occule
600 1961 702 2013 mendas3

153 2037 268 2091 Quamque
277 2041 348 2088 potes,
356 2032 435 2074 vitium
445 2034 540 2090 corporis
550 2035 605 2076 abde
615 2035 655 2078 tui.

125 2107 145 2150 Si
155 2104 225 2147 brevis
234 2117 267 2154 es,
277 2105 359 2154 sedeas;
369 2117 397 2145 ne
406 2115 465 2147 stans
475 2106 558 2149 videare
567 2108 653 2150 sedere:

153 2181 220 2233 laque
230 2186 268 2218 tuo
274 2175 348 2230 jaceas
357 2176 550 2234 quantulacunque
560 2190 615 2222 toro.
